2716 4044
578 219 715 270 samaa
736 221 772 270 V.

169 386 233 447 Cur
246 387 321 446 mibi
335 408 397 448 non
411 387 504 448 liceat
514 389 608 468 jussit
623 389 829 469 quodcunque
844 388 997 460 voluntas,

168 481 309 562 Excepto
324 485 349 545 si
363 485 436 564 quid
453 485 571 545 Masuri
584 486 706 546 rubrica
719 485 861 544 vetavit?
872 483 888 512 ”
1139 491 1172 539 9⁰

209 579 319 656 Disoe;
340 583 395 641 sed
408 581 454 641 ira
468 582 560 641 cadat
574 601 649 641 naso
663 601 836 660 rugosaque
851 598 956 653 sanna,

167 675 252 736 Dum
267 687 388 738 veteres
403 678 488 737 avias
502 678 558 738 tibi
573 679 612 738 de
627 680 773 757 pulmone
788 676 911 736 revello.

168 761 242 832 Non
257 773 413 836 Praetoris
428 785 493 834 erat
507 775 610 836 stultis
625 776 698 834 dare
713 774 820 834 tenuia
833 792 936 832 rerum

163 853 285 956 (iffi,
300 880 392 951 atque
407 892 497 930 usum
510 871 636 951 rapidae
650 871 829 950 permittere
843 869 945 942 vitae3
1000 897 1054 926 m
1206 891 1208 901 Α
1260 867 1265 893 l

171 966 353 1027 Sambucam
368 968 458 1028 citius
472 968 571 1028 caloni
588 967 743 1047 aptaveris
758 968 830 1026 alto.
937 1002 942 1024 ι
986 979 989 1010 1
1123 957 1127 968 ’

170 1063 240 1124 Stat
254 1074 362 1124 contra
375 1065 454 1126 ratio
468 1075 500 1124 et
515 1075 664 1125 secretam
678 1064 786 1145 gannit
800 1063 832 1122 in
848 1082 961 1135 aurem,

169 1151 220 1220 Ne
234 1161 326 1222 liceat
338 1161 439 1221 facere
452 1162 485 1222 id
500 1163 583 1242 quod
599 1163 667 1242 quis
680 1161 803 1222 vitiabit
819 1159 948 1239 agendo

168 1256 300 1318 Publica
313 1258 364 1317 lex
377 1257 539 1319 hominum
553 1269 723 1338 naturaque
738 1257 878 1318 continet
893 1257 951 1316 hoo
965 1253 1020 1328 fas,
1123 1309 1127 1336 ¹
1189 1297 1194 1326 ,

169 1353 218 1415 Ut
231 1363 338 1415 teneat
351 1355 466 1416 vetitos
480 1355 602 1415 inscitia
616 1355 725 1415 debilis
740 1364 837 1414 actus.
945 1379 977 1422 ,r
992 1367 1087 1420 ota.
1107 1344 1114 1404 l
1130 1379 1142 1404 a
1157 1335 1165 1380 l
1191 1358 1218 1397 θ

168 1449 271 1510 Diluis
285 1451 475 1511 helleborum
490 1462 575 1511 certo
590 1437 783 1531 comp-escere
797 1458 914 1529 puncto
1123 1459 1171 1507 100

169 1543 301 1606 Nescius
315 1567 453 1621 examen,
468 1557 555 1607 vetat
569 1548 627 1608 hoc
641 1556 752 1607 natura
766 1546 921 1606 medendi.

169 1641 294 1703 Navem
308 1643 334 1702 si
347 1654 454 1723 poscat
468 1644 527 1704 sibi
540 1654 707 1723 peronatus
722 1654 825 1703 arator

169 1739 304 1824 Luciferi
317 1739 410 1813 rudis,
426 1740 579 1800 exclamet
593 1741 754 1800 Melicerta
768 1739 883 1819 perisse
940 1762 944 1772 ·
989 1737 998 1753 ”
1008 1733 1095 1814 'ml

170 1835 320 1896 Frontem
334 1836 374 1895 de
389 1836 487 1896 rebus.
529 1836 601 1896 Tibi
614 1845 699 1897 recto
714 1837 818 1896 vivere
833 1836 897 1896 talo
938 1820 1017 1904 aab
1031 1857 1034 1866 ·
1046 1857 1091 1878 ψ’

169 1931 232 1992 Ars
246 1932 354 1992 dedit?
375 1941 408 1992 et
421 1933 486 1991 veri
500 1933 633 2011 speciem
648 1933 827 2013 dignoscere
842 1932 943 2005 calles,
1122 1943 1171 1990 105
1248 1976 1251 1983 .

169 2028 204 2089 N
205 2049 221 2089 e
236 2049 296 2108 qua
311 2029 473 2088 subaerato
487 2030 668 2089 mendosum
684 2029 799 2088 tinniat
813 2027 910 2088 auro?

171 2124 320 2204 Quaeque
334 2126 491 2205 sequenda
504 2125 605 2186 forent
620 2135 759 2206 quaeque
774 2125 921 2185 evitanda
934 2123 1078 2198 vicissim,

1118 1701 1210 1766 tlte.

170 2219 229 2280 Illa
243 2221 327 2300 prius
342 2231 435 2310 oreta,
449 2241 522 2281 mox
536 2222 612 2282 haec
626 2223 757 2282 carbone
772 2221 911 2282 notasti?
998 2249 1006 2268 r

169 2317 214 2377 Es
227 2303 367 2377 modicus
380 2317 457 2391 voti,
472 2337 577 2397 presso
591 2316 679 2400 Lare,
695 2317 793 2378 dulcis
808 2317 938 2376 amicis?
1017 2313 1024 2360 l
1088 2354 1092 2362 =
1145 2303 1150 2313 ’

167 2413 243 2475 Jam
256 2433 339 2473 nuno
353 2413 513 2494 astringas,
522 2413 591 2492 jam
604 2434 687 2473 nuno
700 2413 842 2493 granaria
856 2414 949 2487 laxes,
1064 2403 1171 2472 “⁸110
1245 2396 1263 2411 Χ(

169 2509 269 2590 lnque
282 2511 350 2568 luto
363 2508 460 2568 fixum
474 2509 571 2588 possis
585 2510 801 2569 transcendere
815 2530 986 2585 nummum,

169 2605 203 2665 N
205 2625 239 2664 eo
252 2604 342 2690 glqto
356 2604 477 2670 sorbere
493 2605 623 2664 salivam
636 2605 873 2665 Mercurialem?

170 2700 277 2761 ‘Haec
291 2719 360 2759 mea
373 2709 454 2774 sunt,
469 2699 580 2775 tenco,’
595 2721 666 2762 cum
680 2721 752 2760 vere
767 2701 888 2774 dixeris,
903 2710 970 2761 esto

169 2797 323 2877 Liberque
338 2815 373 2857 ac
388 2797 509 2876 sapiens
523 2797 715 2876 praetoribus
730 2806 761 2856 et
775 2797 855 2858 Jove
870 2797 998 2857 dextro:

171 2894 227 2954 Sin
242 2885 372 2997 tq&
384 2893 477 2952 fueris
491 2904 613 2953 nostrae
628 2895 720 2972 paulo
735 2901 806 2954 ante
819 2893 945 2967 farinae,
1124 2909 1170 2954 115

170 2989 352 3050 Pellioulam
366 2999 504 3049 veterem
518 2989 641 3063 retines
656 2999 688 3050 et
702 2990 803 3050 fronte
817 2990 932 3070 politus

169 3085 318 3146 Astutam
332 3086 446 3166 vapido
461 3105 564 3145 servas
578 3086 635 3146 sub
649 3096 773 3164 pectore
787 3087 921 3165 vulpem,

170 3183 259 3255 Quae
274 3183 421 3242 dederam
435 3202 528 3262 supra
541 3195 657 3261 repeto,
668 3184 833 3262 funemque
848 3183 971 3243 reduco.

169 3279 226 3339 Nil
239 3279 298 3339 tibi
312 3278 463 3338 concessit
477 3277 573 3353 rati03
594 3279 728 3359 digitum
742 3299 855 3351 exsere,
871 3297 998 3357 peccas3

169 3375 214 3436 Et
228 3375 303 3456 quid
318 3384 382 3434 tam
395 3375 548 3455 parvum?
589 3375 653 3436 Sed
668 3375 753 3434 nullo
767 3385 836 3436 ture
851 3375 963 3449 litabis,
1003 3441 1018 3464 ‚¹
1069 3450 1091 3466 ..
1125 3389 1171 3455 120
1190 3386 1232 3474 ὲ
