2716 4044
539 227 576 275 A.
601 227 722 275 PERSII
744 224 876 275 FLAOGI

582 875 748 938 SATIRA
776 873 835 936 IV.

208 1077 225 1109 “
319 1069 382 1130 EM
396 1069 503 1150 populi
516 1026 678 1130 tractas?’'
688 1068 901 1128 -barbatum
914 1068 991 1128 haec
1001 1064 1212 1146 credemagis·

399 1176 481 1227 trum

208 1265 330 1339 Dicere,
344 1263 473 1325 sorbitio
490 1263 574 1323 tollit
589 1283 681 1342 quem
696 1263 764 1322 dira
778 1263 897 1322 cicutae
907 1295 949 1308 -

208 1363 306 1436 “Quo
319 1363 438 1422 fretus?
458 1361 509 1420 dic
523 1362 590 1433 hoc,
604 1361 709 1439 magni
723 1360 838 1440 pupille
854 1358 976 1418 Pericli.

209 1461 334 1522 Scilicet
348 1456 506 1538 ingenium
523 1467 555 1517 et
569 1477 672 1516 rerum
686 1457 853 1536 prudentia
867 1455 960 1515 velox

208 1559 294 1618 Ante
308 1556 387 1634 pilos
401 1555 505 1630 venit3
527 1553 660 1613 dicenda
674 1553 867 1632 incendeque
883 1552 985 1612 calles.
1195 1561 1212 1611 ³

207 1653 294 1732 Ergo
309 1652 361 1711 ubi
375 1661 530 1711 commota
544 1650 644 1710 fervet
657 1649 816 1728 plebecula
830 1650 901 1722 bile,

207 1749 284 1808 Fert
299 1747 418 1808 animus
433 1746 551 1806 calidae
565 1746 672 1806 fecisse
687 1746 809 1805 silentia
824 1745 933 1804 turbae

208 1844 374 1924 Majestate
388 1861 514 1916 manus;
535 1842 609 1921 quid
625 1841 737 1900 deinde
752 1841 903 1921 loquere?
943 1839 1109 1914 ‘Quiritem

209 1942 279 2002 Hoc
296 1941 400 2020 (puta)
418 1960 480 1999 non
491 1939 611 2018 justum
626 1948 674 1998 est
683 1958 691 2012 ;
712 1939 788 1997 illud
805 1938 895 2011 male,
911 1938 1024 1998 rectius
1038 1937 1135 1996 illud:

209 2037 278 2098 Sere
293 2037 408 2096 etenim
418 2037 540 2116 justum
553 2055 677 2115 gemina
692 2034 878 2114 suspendere
893 2035 981 2093 lance
1181 2045 1213 2092 10

208 2133 366 2214 Ancipitis
380 2133 493 2206 librae;
515 2143 633 2191 rectum
649 2131 795 2191 discernis
809 2132 862 2191 ubi
877 2131 958 2190 iuter
1085 2112 1087 2120 Ι

210 2233 313 2294 Curva
327 2229 418 2302 subit,
433 2228 482 2287 vel
496 2249 565 2287 cum
580 2228 658 2286 fallit
672 2228 751 2314 pede
766 2229 872 2306 regula
887 2246 971 2301 varo,
1017 2223 1067 2261 “l
1081 2213 1104 2241 ¹

209 2329 252 2388 Et
265 2327 347 2406 potis
362 2346 394 2385 es
409 2326 532 2404 nigrum
547 2325 624 2384 vitio
639 2325 808 2404 praefigere
824 2325 921 2383 theta.

210 2425 343 2498 Quinta
358 2423 451 2502 igitur
465 2441 584 2481 summa
598 2421 804 2501 nequicquam
819 2421 898 2499 pelle
913 2421 1043 2480 decorus

208 2522 294 2581 Ante
309 2520 391 2579 diem
406 2518 520 2578 blando
534 2517 665 2577 caudam
679 2517 799 2596 jactare
815 2518 938 2596 popello
1181 2530 1213 2577 15

208 2617 341 2688 Desinis,
357 2615 523 2694 Anticyras
538 2614 645 2674 melior
659 2615 782 2674 sorbere
797 2613 955 2673 meracas?

211 2715 298 2788 Quae
313 2712 371 2773 tibi
385 2731 504 2772 summa
517 2711 591 2772 boni
606 2712 676 2770 est?
717 2710 824 2772 Uncta
839 2710 950 2770 vixisse
964 2710 1082 2790 patella

211 2811 347 2890 Semper,
362 2819 394 2868 et
408 2807 531 2867 assiduo
546 2817 652 2866 curata
666 2807 800 2876 cuticula
817 2807 891 2867 sole.

209 2909 383 2986 Exspecta;
404 2904 489 2962 haud
504 2902 587 2963 aliud
602 2903 788 2981 respondeat
802 2903 878 2963 haec
893 2921 978 2963 anus.
1021 2902 1143 2976 Inuno,

210 3002 434 3063 ‘Dinomaches
449 3020 507 3079 ego
522 2998 608 3072 sum,’
621 2997 726 3072 suffla3
747 3005 832 3058 ‘sum
847 2999 1016 3060 candidus.'
1057 2999 1144 3073 Esto,
1180 3013 1214 3060 20

210 3101 295 3161 Dum
309 3117 347 3158 ne
362 3096 498 3157 deterius
512 3095 612 3174 sapiat
626 3114 785 3173 pannucea
799 3093 920 3170 Baucis,

125 3259 139 3274 ‚⁸
212 3197 291 3258 Cum
305 3195 385 3255 bene
400 3193 550 3253 discincto
565 3191 738 3250 cantaverit
756 3191 857 3251 ocima
872 3191 1012 3254 vernae.'’

251 3292 300 3354 Ut
314 3309 405 3352 nemo
420 3290 452 3348 in
467 3275 532 3348 sese
546 3297 649 3348 tentat
663 3287 859 3362 descendero,
871 3307 971 3365 nemo,

213 3389 276 3454 Sed
290 3386 487 3468 praecedenti
502 3394 659 3465 spectatur
673 3384 808 3444 mantica
823 3384 929 3465 tergol

716 3538 777 3570 ,Μ

759 3587 774 3626 t·
