2716 4044
229 218 273 284 12
560 236 598 285 A.
622 239 746 286 rnnsn
767 239 900 288 rancor

231 401 342 462 Stertis
357 403 467 478 adhuc,
480 404 646 484 laxumque
661 415 754 485 caput
769 427 917 485 compage
932 407 1033 466 soluta

229 498 351 559 Osoitat
365 500 552 576 hesternum,
568 503 693 562 dissutis
708 503 843 582 undique
859 504 965 563 malisl

226 594 285 653 Est
303 596 418 676 aliquid
433 617 494 676 quo
507 599 609 657 tendis
624 609 655 658 et
669 599 701 658 in
715 601 799 680 quod
813 600 919 679 dirigis
933 601 1060 660 arcum?

229 691 279 750 An
293 693 405 770 passim
421 695 554 774 sequeris
569 714 677 754 corvos
691 704 833 774 testaque
847 697 976 776 lutoque

227 787 360 848 securus
375 810 435 869 quo
449 811 503 869 pes
517 792 603 864 ferat,
618 801 713 871 atque
727 811 765 850 ex
781 801 920 870 tempore
936 793 1037 852 vivis?

269 886 468 945 Helleborum
483 888 595 947 frustra
609 908 679 946 cum
689 889 756 965 jam
770 889 849 948 cutis
865 909 956 968 aegra
970 889 1103 949 tumebit

198 1013 202 1018 ·
226 979 395 1041 Poscentes
410 983 533 1057 videas3
554 984 693 1043 venienti
707 985 859 1044 occurrite
874 986 991 1053 morbo,

225 1075 270 1135 Et
284 1078 357 1155 quid
373 1098 449 1157 opus
465 1080 592 1140 Cratero
607 1100 734 1160 magnos
748 1080 928 1159 promittere
943 1082 1087 1142 montes?

225 1171 354 1246 Discite,
368 1174 398 1232 io
413 1174 522 1248 miseri,
537 1185 569 1234 et
584 1195 689 1236 causas
704 1177 881 1256 cognoscite
897 1197 1018 1237 rerum:

113 1277 196 1361 aig
227 1267 310 1340 Quid
327 1291 439 1344 sumus,
454 1281 507 1330 aut
522 1271 668 1356 quidnam
684 1272 796 1331 victuri
811 1273 983 1352 gignimur;
1005 1275 1081 1335 ordo

69 1401 83 1431 c
118 1375 125 1394 ‘¹
226 1365 305 1437 Quis
319 1368 418 1438 datus,
433 1378 465 1427 et
478 1379 579 1427 metae
594 1389 654 1449 qua
668 1371 768 1429 mollis
782 1370 880 1429 flexus
895 1379 926 1430 et
942 1372 1044 1441 unde;

227 1462 304 1532 Quis
319 1464 428 1523 modus
443 1477 579 1544 argento,
594 1465 667 1546 quid
682 1465 728 1525 fas
743 1476 858 1546 optare,
873 1467 947 1545 quid
962 1487 1051 1554 asper

226 1558 315 1620 Utile
330 1581 474 1620 nummus
489 1563 599 1635 habet3
620 1562 738 1641 patriae
754 1563 891 1642 carisque
905 1564 1085 1643 propinquis

56 1685 72 1730 l.
99 1689 102 1696 ·
117 1698 138 1725 ,ᾖ
147 1668 203 1727 *W
226 1655 387 1728 Quantum
402 1659 523 1736 elargiri
537 1658 664 1732 deceat3
685 1680 777 1740 quem
791 1671 823 1719 te
837 1661 923 1719 Deus
937 1680 1003 1720 esse

224 1752 246 1813 J
249 1755 333 1826 ussit,
349 1764 380 1814 et
394 1756 528 1814 humana
541 1775 602 1834 qua
615 1767 702 1834 parte
717 1757 834 1847 locatus
849 1777 881 1815 es
896 1758 926 1815 in
943 1777 1019 1830 rev

226 1849 320 1908 Disce
335 1870 434 1929 neque
448 1850 587 1910 invideas
602 1853 683 1930 quod
700 1853 796 1912 multa
811 1853 914 1912 fidelia
927 1863 1018 1932 putet

225 1945 264 2005 In
278 1947 431 2025 locuplete
446 1967 527 2026 penu
542 1947 674 2007 defensis
688 1949 854 2028 pinguibus
871 1949 1005 2024 Umbris,

225 2042 270 2102 Et
283 2043 370 2122 piper
384 2056 415 2102 et
430 2063 550 2122 pernae,
565 2043 661 2106 Marsi
675 2056 877 2104 monumenta
891 2045 1020 2120 clientis,

183 2186 192 2197 .
224 2137 398 2218 Maenaque
413 2141 494 2219 quod
509 2141 608 2218 prima
621 2141 759 2200 nondum
774 2141 920 2201 defecerit
935 2162 1014 2203 orca.

266 2235 327 2295 Hie
341 2237 449 2316 aliquis
464 2237 503 2296 de
517 2246 610 2316 gente
625 2238 745 2296 hircosa
759 2238 975 2297 centurionum

223 2330 334 2392 Dicat:
354 2331 473 2404 “Quod
489 2333 574 2411 sapio
589 2333 664 2392 satis
679 2343 726 2393 est
740 2334 830 2407 mihi3
852 2355 913 2394 non
928 2355 986 2414 ego
1001 2355 1075 2395 curo

224 2428 300 2488 Esse
315 2430 397 2510 quod
410 2429 565 2489 Arcesilas
580 2431 813 2509 aerumnosique
829 2431 967 2505 Solones,

225 2525 357 2604 Obstipo
371 2526 472 2604 capite
487 2536 518 2585 et
532 2526 663 2604 figentes
678 2526 793 2586 lumine
807 2537 930 2600 terram,

223 2621 384 2682 Murmura
398 2642 468 2681 cum
483 2642 587 2682 secum
601 2632 633 2681 et
646 2622 766 2681 rabiosa
780 2623 902 2683 silentia
916 2625 1031 2684 rodunt

223 2719 330 2798 Atque
346 2730 526 2796 exporrecto
540 2719 731 2778 trutinantur
745 2720 839 2778 verba
854 2719 973 2794 labello,

223 2814 357 2892 Aegroti
370 2814 483 2873 veteris
498 2815 683 2874 meditantes
698 2816 824 2890 somnia,
839 2817 926 2896 gigni

224 2911 274 2970 De
289 2911 383 2970 nihilo
398 2909 481 2982 nihil,
495 2911 526 2970 in
541 2911 670 2970 nihilum
685 2911 729 2970 nil
745 2931 833 2990 posse
848 2913 971 2973 reverti.

224 3008 295 3067 Hoc
309 3018 356 3068 est
370 3007 452 3087 quod
467 3009 588 3086 palles?
609 3029 663 3067 cur
677 3009 745 3088 quis
759 3030 820 3068 non
836 3011 987 3089 prandeat
1001 3012 1060 3072 hoc
1074 3015 1143 3074 est?
1153 3012 1170 3042 ”
1194 3020 1226 3074 85

225 3105 283 3163 His
297 3106 428 3183 populus
442 3105 531 3178 ridet,
549 3105 742 3185 multumque
757 3115 860 3166 torosa
869 3107 1019 3185 juventus

223 3201 400 3280 Ingeminat
415 3185 561 3284 tremulos
576 3221 650 3260 naso
665 3202 817 3281 crispante
832 3203 1007 3264 cachinnos.

264 3304 281 3334 “
294 3297 422 3376 Inspice,
438 3298 539 3358 nescio
554 3298 628 3378 quid
642 3299 778 3377 trepidat
793 3299 867 3358 mihi
881 3308 998 3378 pectps,
1013 3308 1046 3360 et
1060 3301 1158 3380 aegris

225 3393 379 3454 Faucibus
393 3405 555 3474 exsuperat
569 3394 675 3484 gravis
687 3395 818 3469 halitus3
838 3394 954 3474 inspice
968 3395 1086 3472 sodes,”
