2716 4044
103 3355 107 3366 ·
169 3377 178 3386 .
198 3326 287 3386 Haec
301 3325 417 3405 reliqua
431 3325 555 3404 accipio,
569 3326 659 3386 ‘licet
672 3337 707 3385 ut
721 3327 794 3387 volo
807 3326 929 3387 vivere’
943 3328 1061 3408 tolle„

201 255 243 320 18
532 274 569 322 Α.
593 273 715 322 rursu
737 271 869 321 macor

200 437 261 498 Hic
276 439 394 520 Campo
407 441 564 520 indulget3
585 442 667 500 hunc
681 442 748 500 alea
764 439 909 520 decoquit
918 459 927 514 3
946 437 999 498 ille

199 537 238 594 In
251 535 407 596 Venerem
422 546 469 596 est
483 538 597 616 putris;
618 537 672 597 sed
687 557 755 596 cum
770 536 908 614 lapidosa
923 537 1069 616 cheragra

198 627 340 712 Fregerit
355 634 499 693 articulos
513 634 626 694 veteris
640 634 767 693 ramalia
780 633 851 712 fagi,

198 730 287 789 Tunc
301 749 417 790 crassos
431 731 574 790 transisse
589 731 654 790 dies
668 732 829 810 lucemque
844 730 1013 808 palustrem
1166 741 1198 788 60

198 823 242 884 Et
257 827 312 886 sibi
322 827 388 906 jam
402 828 461 887 seri
475 828 572 887 vitam
586 828 764 907 ingemuere
778 827 928 887 relictam.

197 924 243 981 At
257 931 288 982 te
303 923 461 983 nocturnis
469 924 562 1003 juvat
576 925 783 1002 impallescere
798 923 920 996 chartis,

199 1018 309 1078 Cultor
322 1019 403 1078 enim
413 1020 565 1098 juvenum
579 1030 724 1100 purgatas
739 1019 847 1080 inseris
861 1039 949 1078 aures

198 1113 302 1195 Fruge
317 1116 495 1176 Cleanthea.
536 1117 641 1177 Petite
655 1117 737 1190 hinc,
747 1116 939 1195 juvenesque
954 1135 1110 1196 senesque,

198 1209 309 1270 Finem
324 1212 426 1271 animo
441 1223 559 1272 certum
573 1213 751 1292 miserisque
766 1212 879 1272 viatica
893 1213 987 1272 canis.
1165 1225 1197 1271 65

197 1308 301 1368 “Cras
314 1309 373 1368 hoc
386 1308 467 1369 fiet.”
509 1308 599 1368 Idem
613 1329 678 1368 cras
692 1310 755 1368 fiet.
797 1315 815 1346 “
827 1308 920 1382 Quid,
936 1309 1023 1388 quasi
1038 1327 1183 1388 magnum

197 1402 320 1483 Nempe
334 1405 417 1464 diem
432 1403 576 1465 donas?”
617 1405 680 1465 Sed
695 1425 764 1465 curn
779 1405 832 1464 lux
847 1404 944 1464 altera
957 1404 1053 1478 venit,

196 1499 219 1560 J
221 1520 270 1559 am
285 1521 351 1560 cras
364 1501 543 1560 hesternum
557 1501 816 1580 consumpsimus3
838 1521 909 1560 occe
924 1500 1008 1560 aliud
1023 1520 1089 1561 cras

197 1595 307 1676 Egerit
320 1597 376 1656 hos
391 1616 495 1670 annos,
511 1605 543 1656 et
557 1617 676 1675 semper
689 1599 815 1675 paulum
830 1597 888 1657 erit
908 1598 998 1656 ultra.
1019 1672 1021 1675 ᾖ

197 1690 282 1752 Nam
297 1693 435 1772 quamvis
449 1713 544 1771 prope
558 1703 599 1767 te,
614 1693 754 1773 quamvis
772 1703 896 1752 temone
911 1693 968 1752 sub
984 1712 1045 1752 uno
1166 1707 1198 1754 70

198 1786 382 1848 Vertentem
397 1808 470 1862 sese,
485 1789 598 1850 frustra
612 1789 767 1849 sectabere
783 1789 939 1860 canthum,

148 1943 151 1959 ,
198 1884 280 1946 Cum
294 1895 361 1944 rota
375 1886 526 1964 posterior
540 1906 642 1945 curras
658 1896 688 1945 et
703 1885 734 1944 in
750 1906 807 1944 axe
821 1886 967 1945 secundo.

238 1979 396 2040 Libertate
411 2001 487 2060 opus
503 1992 558 2054 est,
572 2002 634 2041 non
648 1983 706 2042 hac
721 2001 781 2062 qua
795 1982 923 2062 quisque
938 1981 1054 2042 Velina
1148 2041 1159 2053 ,

197 2076 328 2137 Publius
342 2078 471 2137 emeruit
485 2078 657 2148 scabimum
671 2079 819 2138 tesserula
833 2078 879 2137 far
984 2099 1035 2140 ft,
1051 2121 1055 2128 -
1109 2112 1120 2124 =‹
1138 2077 1145 2124 ’ἶ
1153 2107 1172 2188 (⁷

197 2172 352 2233 Possidet.
394 2173 465 2232 Heu
479 2174 597 2234 steriles
612 2173 685 2246 veri,
700 2174 811 2254 quibus
826 2194 887 2233 una
902 2174 1057 2247 Quiritem
1166 2189 1197 2238 75

197 2267 331 2348 Vertigo
344 2269 434 2328 faciti
455 2269 505 2328 hic
518 2268 619 2328 Dama
634 2279 689 2341 ost,
704 2289 766 2328 non
780 2269 883 2330 tressis
898 2289 1001 2350 agaso,

197 2364 311 2445 Vappa
325 2374 357 2425 et
371 2365 471 2444 lippus
485 2365 564 2424 etin
579 2365 665 2425 tenui
678 2365 830 2445 farragine
845 2366 988 2426 mendax.

197 2461 336 2538 Verterit
349 2461 431 2521 huuc
445 2460 594 2533 dominus,
609 2471 767 2521 momento
784 2462 915 2521 turbinis
934 2462 998 2522 exit

197 2557 321 2618 Marcus
334 2557 444 2616 Darna.
485 2557 605 2636 Papae!
647 2556 754 2617 Marco
769 2557 939 2636 spondente
957 2578 1079 2620 recusas

199 2655 332 2716 Credere
346 2664 382 2714 tu
396 2655 560 2714 nummos?
599 2652 706 2713 Marco
721 2653 892 2733 subjudice
907 2655 1025 2732 palles?
1165 2671 1197 2716 80

197 2749 321 2810 Marcus
335 2750 422 2822 dixit,
436 2750 482 2808 ita
500 2758 564 2823 est3
586 2749 714 2828 assigna,
729 2748 843 2821 Marce,
860 2750 997 2810 tabellas.

198 2846 286 2906 Haec
300 2843 538 2905 mera'libertasl
560 2848 618 2906 hoc
632 2847 720 2905 nobis
734 2847 815 2924 pilea
830 2847 965 2906 donanti

198 2949 216 2980 “
224 2943 276 3002 An
292 2942 452 3022 quisquam
466 2952 512 3001 est
527 2943 603 3002 alius
616 2942 701 3016 liber,
716 2942 774 3000 nisi
789 2942 900 3002 ducere
915 2943 1013 3002 vitam

199 3039 258 3101 Cui
272 3039 345 3099 licet
359 3047 394 3097 ut
408 3037 529 3097 voluit?
550 3038 621 3098 licet
635 3047 670 3098 ut
684 3039 756 3097 volo
770 3039 892 3114 vivore3
913 3059 975 3099 non
990 3060 1059 3101 sum

198 3133 337 3195 Liberior
351 3133 496 3193 Bruto?''
537 3132 687 3194 Mendosc
702 3134 829 3213 colligis
843 3135 944 3215 inquit
1166 3152 1198 3199 85

200 3231 322 3291 Stoicus
336 3229 386 3289 hic
401 3249 503 3288 aurem
518 3229 656 3290 mordaci
668 3231 751 3290 lotus
769 3243 876 3306 acet03

199 3429 217 3460 ‘⁶
226 3421 375 3484 Vindicta
388 3431 551 3502 postquam
565 3442 652 3482 meus
666 3441 684 3482 a
697 3421 845 3482 Praetore
859 3424 977 3498 recessi,
1098 3413 1121 3444 ·’
1143 3399 1167 3432 “¹
1173 3397 1183 3428 ἱ
1193 3394 1244 3430 ‘m
