2716 4044
495 245 532 293 A.
557 246 680 292 PERSII
702 243 834 292 FLACOI

559 999 723 1060 SATIRA
751 997 776 1058 Ι.

168 1198 177 1231 ‘
281 1192 426 1255 CURAS
441 1191 618 1253 hominuml
643 1212 661 1252 o
676 1201 827 1272 quantum
842 1191 931 1251 estin
942 1189 1032 1250 rebus
1043 1186 1170 1247 inanc!'

308 1289 413 1362 “Quis
431 1291 514 1370 leget
536 1290 660 1348 haec?'’
701 1288 779 1348 Min’
797 1298 833 1349 tu
855 1288 940 1348 istud
962 1287 1045 1366 ais?¹
1068 1284 1171 1344 Nemo

248 1387 381 1460 hercule,
397 1405 505 1461 ncm0;

168 1483 231 1544 Vel
246 1484 308 1542 duo
326 1485 376 1542 vel
391 1503 490 1543 nemo.
531 1482 662 1561 “Turpe
677 1491 709 1542 et
723 1481 894 1540 miserabile
904 1482 911 1539 l
921 1479 937 1509 ”
979 1477 1105 1551 Quare?

169 1579 220 1639 Ne
235 1580 310 1638 mihi
325 1579 514 1658 Polydamas
528 1589 560 1639 et
573 1567 723 1638 Troiades
737 1578 912 1638 Labeonem

170 1676 402 1735 Praetulerint?
424 1695 533 1754 nugae.
575 1675 659 1748 Non,
674 1675 699 1736 si
714 1675 788 1755 quid
803 1675 927 1734 turbida
942 1673 1045 1733 Roma
1156 1685 1172 1732 c

170 1772 291 1846 Elevet,
307 1773 441 1847 accedas,
457 1791 625 1832 examenve
640 1771 813 1850 improbum
827 1770 859 1829 in
874 1770 928 1828 illa

172 1869 313 1948 Castiges
327 1870 453 1942 trutina,
468 1889 525 1929 nec
539 1878 571 1928 te
586 1869 772 1948 quaesiveris
786 1877 884 1928 extra.

170 1963 204 2023 N
206 1984 254 2022 am
269 1964 389 2024 Romae
404 1966 471 2045 quis
486 1985 548 2024 non
559 1974 643 2025 —at
658 1965 683 2024 si
698 1966 742 2024 fas
757 1965 859 2024 dicere
870 2001 910 2010 -
921 1964 975 2024 sed
990 1965 1035 2024 fas

171 2060 261 2120 Tunc
275 2082 344 2120 cum
360 2062 400 2120 ad
415 2061 559 2121 canitiem
574 2073 605 2121 et
619 2071 759 2121 nostrum
773 2062 856 2121 istud
873 2061 976 2121 vivere
991 2060 1080 2120 triste

170 2156 299 2236 Aspexi,
315 2177 350 2217 ac
364 2157 493 2217 nucibus
507 2157 635 2217 facimus
650 2177 850 2236 quaecunque
865 2157 990 2230 relictis,
1142 2170 1173 2216 10

173 2253 252 2313 Cum
268 2253 401 2331 sapimus
415 2263 559 2332 patru0s3
580 2263 663 2326 tunc,
678 2263 753 2313 tnnc
767 2253 928 2333 ignoscite.
969 2260 984 2290 ‘⁴
994 2252 1026 2311 N
1028 2252 1103 2312 olo.'’

173 2346 256 2422 Quid
272 2350 402 2409 faciam?
445 2350 507 2409 Sed
522 2370 590 2410 sum
604 2350 758 2428 petulanti
772 2350 877 2428 splene
895 2349 1053 2410 cachinno.

213 2446 381 2505 Scribimus
395 2446 511 2518 inclusi,
526 2467 669 2506 numeros
683 2447 743 2519 ille,
758 2446 807 2505 hic
821 2447 900 2524 pede
915 2447 999 2519 liber,

172 2541 296 2600 Grande
312 2541 425 2620 aliquid
441 2543 522 2621 quod
538 2543 644 2621 pulmo
659 2543 779 2602 animae
793 2543 970 2621 praelargus
986 2543 1118 2602 anhelet.

174 2637 297 2698 Scilicet
311 2639 387 2696 haec
400 2640 523 2718 populu
538 2659 695 2718 pexusque
710 2649 845 2719 togaque
860 2640 978 2699 recenti
1143 2653 1174 2699 15

172 2736 216 2795 Et
230 2736 370 2796 natalitia
384 2737 511 2795 tandem
525 2757 594 2796 cum
609 2737 800 2824 sardonyche
817 2737 912 2820 albae,
955 2805 960 2822 Ι

174 2833 255 2893 Sede
269 2832 353 2910 leget
367 2833 454 2903 celsa,
470 2819 588 2912 liquido
604 2852 673 2892 cum
688 2820 838 2912 plasmate
852 2823 963 2912 guttur

172 2929 289 2988 Mobile
305 2929 452 3001 colluerit,
467 2929 602 3008 patranti
616 2928 731 2989 fractus
745 2931 853 2990 coelic.

174 3024 236 3084 Hic
250 3045 349 3104 neque
364 3045 448 3084 more
462 3026 558 3103 probo
573 3026 679 3084 videas
693 3046 750 3085 nec
764 3046 840 3085 voce
855 3046 962 3086 serena

174 3120 322 3200 Ingentes
337 3122 489 3200 trepidare
504 3122 601 3196 Titos,
616 3142 685 3182 cum
698 3123 834 3182 carmina
847 3123 986 3184 lumbum
1144 3137 1175 3182 20

174 3221 299 3278 Intrant
313 3229 344 3277 et
358 3220 490 3278 tremulo
505 3220 685 3298 scalpuntur
700 3228 734 3309 ut
749 3220 860 3279 intima
874 3239 974 3279 versu.

174 3314 263 3388 Tun’‚
278 3315 390 3388 vetule,
405 3316 548 3376 auriculis
562 3316 668 3376 alienis
683 3316 802 3396 colligis
817 3305 923 3376 escas?

175 3411 331 3472 Auriculis
346 3412 456 3494 quibus
471 3423 502 3473 et
517 3413 600 3473 dicas
615 3423 685 3474 oute
700 3413 848 3492 perditus,
864 3412 936 3473 ohel
