2716 4044
569 245 706 295 sanun
727 247 767 294 Π.

483 981 485 986 ¹
547 892 710 954 sarum
737 891 780 954 11.

249 1083 351 1160 UNG,
365 1085 513 1160 Macrine,
528 1087 611 1147 diem
625 1107 753 1147 numera
767 1086 892 1148 meliore
906 1087 1021 1167 lapillo,

289 1184 351 1256 Qui
364 1183 422 1244 tibi
437 1183 576 1244 labentes
590 1185 718 1263 apponit
733 1184 882 1244 candidus
897 1203 1015 1258 annos,
1058 1245 1060 1250 ,
1146 1218 1147 1224 1

163 1281 272 1340 Funde
288 1301 406 1340 merum
421 1281 529 1340 Genio.
569 1281 643 1340 Non
658 1290 692 1340 tu
706 1300 796 1359 preee
810 1281 911 1360 poscis
926 1280 1024 1340 emaoi

163 1377 250 1450 Quae
265 1377 323 1437 nisi
337 1377 472 1436 seductis
487 1397 621 1456 nequeas
635 1379 829 1438 committere
844 1378 932 1438 divis.

161 1478 207 1534 At
220 1475 302 1534 bona
316 1493 385 1553 pars
399 1493 559 1552 procerum
573 1474 667 1534 tacita
680 1475 789 1533 libabit
804 1493 924 1548 acerra;
1149 1487 1165 1534 5

162 1571 256 1630 Haud
268 1570 364 1631 cuivis
376 1580 552 1650 promptum
562 1581 609 1630 est
620 1591 816 1650 murmurque
826 1571 1017 1652 humilesque
1026 1585 1166 1649 spsurros

162 1666 286 1728 Tollere
301 1668 340 1727 de
354 1667 478 1746 templis
494 1677 525 1726 et
540 1677 646 1746 aperto
661 1667 765 1727 vivere
779 1677 863 1727 vot0.

161 1763 267 1824 ‘Mens
281 1764 370 1838 bona,
384 1764 474 1836 fama,
489 1763 583 1836 fides‚’
599 1765 674 1823 liaeo
689 1766 768 1823 clare
783 1775 815 1823 et
829 1774 864 1824 ut
879 1763 985 1823 audiat
999 1764 1131 1843 hospes;

160 1861 219 1922 Illa
233 1861 291 1922 sibi
304 1861 472 1920 introrsum
486 1869 517 1920 et
532 1861 589 1920 sub
602 1861 708 1940 lingua
721 1861 952 1921 immurmurat:
973 1862 1018 1922 ‘O
1032 1861 1058 1921 si

160 1958 300 2018 Ebulliat
314 1969 450 2036 patruus,
463 1957 656 2036 praeclarum
668 1957 760 2017 funus
771 1957 794 2016 l’
815 1968 847 2017 et
868 1957 913 2018 ‘O
928 1958 954 2018 si
1133 1973 1164 2018 10

163 2055 231 2140 Sub
245 2053 342 2115 rastro
358 2063 462 2132 erepet
478 2054 598 2133 argenti
613 2054 687 2115 mihi
702 2055 780 2115 seria
794 2055 904 2115 dextro

161 2151 311 2212 Hercule!
332 2150 523 2230 pupillumve
539 2151 656 2210 utinam
672 2171 762 2231 quem
777 2152 934 2230 proximus
948 2153 1037 2213 heres

159 2249 289 2328 Impello
304 2248 498 2327 expungam!
520 2269 651 2328 namque
666 2259 712 2308 est
726 2248 881 2309 scabiosus
895 2260 927 2308 et
942 2249 1005 2309 aori

159 2347 228 2406 Bile
243 2356 351 2406 tumet.
392 2345 490 2405 Nerio
506 2346 573 2424 jam
588 2345 679 2405 tertia
693 2346 837 2405 conditur
851 2344 946 2406 uxor!

160 2442 247 2502 Haeo
261 2451 366 2502 sancte
380 2451 416 2500 ut
429 2461 537 2520 poscas
553 2441 698 2502 Tiberino
713 2442 745 2501 in
759 2442 882 2520 gurgite
897 2442 1011 2522 mergis
1131 2457 1163 2504 15

158 2539 252 2598 Mane
267 2548 360 2617 eaput
373 2538 421 2598 bis
435 2547 543 2618 terque
558 2547 590 2598 et
604 2550 729 2598 noetem
741 2539 867 2598 flumine
881 2559 1003 2618 purgas.

200 2637 287 2695 Heus
302 2654 367 2715 age,
381 2635 552 2714 responde3
573 2635 735 2694 minimum
750 2635 895 2713 estquod
911 2634 986 2695 scire
1000 2636 1122 2697 laboro:

157 2733 207 2793 De
221 2732 301 2794 Jove
315 2733 390 2812 quid
403 2731 523 2792 sentis?
544 2742 630 2791 estne
645 2742 679 2791 ut
693 2752 879 2812 praeponere
894 2753 981 2794 eures

159 2829 253 2889 Hune
277 2829 443 2907 cuiquam?
491 2828 649 2888 “Ouinam
673 2829 768 2890 vis?’'
821 2829 916 2890 Staio·
967 2830 1021 2891 An
1044 2831 1164 2894 seilicet

241 2926 371 2984 haeres?
1155 2999 1169 3008 ⁸

160 3020 237 3094 Quis
251 3021 462 3101 potiorjudex
477 3022 618 3101 puerisve
633 3022 701 3102 quis
716 3022 817 3102 aptior
831 3023 936 3083 orbis?
978 3028 1017 3077 r*
1025 2975 1162 3087 llstwao
1179 3004 1189 3014 i

161 3119 253 3178 Ηοο
245 3119 341 3198 igitur
355 3139 416 3199 quo
431 3129 465 3177 tu
479 3119 541 3180 J
504 3141 541 3180 ot
543 3141 568 3180 1s
583 3139 687 3179 aurem
701 3119 858 3198 impellere
874 3130 975 3181 tentas

159 3214 219 3275 Dm
234 3215 485 3304 agedumSaro
508 3217 609 3276 ‘Proh
623 3216 712 3295 Jupr
700 3217 762 3276 erl
785 3217 914 3277 obone’
929 3220 1043 3279 elamet
1100 3240 1178 3311 Qu(-

159 3311 333 3392 ‘Jupiterl'
372 3313 420 3372 At
434 3332 500 3372 sese
514 3334 576 3373 non
592 3313 702 3373 elamet
715 3312 805 3394 Jupr
807 3333 841 3372 er
853 3312 941 3392 ipse?
1163 3249 1268 3359 Q

159 3407 319 3490 Ignovisse
333 3421 434 3489 putas,
449 3409 522 3490 quia
536 3429 606 3470 oum
620 3418 709 3470 tonat
724 3408 808 3470 ooius
822 3409 885 3470 ilex
