2716 4044
534 213 571 262 A.
596 214 718 261 PERSII
739 213 872 260 FLACGI

588 965 751 1027 SATIRA
775 965 816 1027 V.

282 1159 443 1222 ATIBUS
458 1160 508 1220 hic
522 1179 589 1220 mos
604 1169 659 1234 est,
675 1170 798 1220 centum
814 1159 871 1220 sibi
886 1180 1012 1239 poscere
1026 1178 1127 1232 voces,

322 1259 455 1319 Centum
470 1277 523 1315 ora
537 1267 569 1316 et
582 1258 702 1336 linguas
717 1268 824 1336 optare
839 1257 870 1316 iu
886 1256 1021 1316 carmina
1035 1264 1171 1329 centum,

202 1354 321 1414 Fabula
335 1374 388 1413 seu
403 1363 522 1412 moesto
537 1367 667 1431 ponatur
678 1353 792 1412 hianda
802 1353 961 1432 tragoed0‚

147 1469 152 1478 ·
201 1450 341 1510 Vulnera
355 1470 408 1510 seu
423 1449 530 1508 Parthi
546 1449 688 1510 ducentis
703 1452 742 1509 ab
756 1450 882 1528 inguine
896 1450 1020 1508 ferrum.

242 1546 422 1617 “Quorsum
436 1546 533 1604 haec?
555 1554 608 1605 aut
623 1557 754 1626 quantas
769 1545 887 1605 robusti
901 1544 1043 1604 carminis
1058 1543 1133 1603 offas
1182 1553 1200 1603 ὅ
1271 1615 1275 1622 1

201 1641 329 1722 lugetis,
343 1652 379 1702 ut
393 1662 447 1721 par
461 1642 501 1700 sit
516 1653 646 1701 centeno
660 1651 786 1721 gutture
801 1641 881 1701 niti?

202 1737 325 1800 Grande
340 1738 472 1798 locuturi
488 1738 614 1797 nebulas
629 1737 779 1798 Helicone
794 1739 931 1817 legunt0,

204 1833 237 1895 si
252 1836 361 1914 quibus
376 1844 429 1893 eut
444 1833 582 1913 Prognes
598 1844 650 1894 aut
664 1835 690 1894 si
704 1835 814 1914 quibus
829 1835 890 1893 olla
903 1835 1059 1913 Thyestae

202 1929 356 2004 Fervebit,
371 1951 461 2009 saepe
475 1930 590 1989 insulso
608 1931 766 1989 coenanda
780 1929 920 2009 Glyconi.

49 2039 51 2051 ¹
202 2029 250 2087 Tu
265 2047 364 2108 neque
379 2027 536 2103 anhelanti
550 2027 692 2107 coquitur
706 2027 780 2086 dum
794 2047 894 2110 mm
907 2026 1028 2087 camino
1169 2039 1202 2087 10

202 2124 290 2184 Folle
306 2123 417 2203 premis
430 2133 551 2196 ventos
566 2143 624 2182 nec
638 2124 741 2183 clauso
756 2144 912 2183 murmure
926 2143 1037 2183 raucus

202 2220 316 2281 Nescio
331 2220 404 2299 quid
419 2229 521 2278 tecum
535 2239 629 2298 grave
644 2221 806 2280 cornicaris
821 2221 933 2299 inepte,

203 2317 271 2378 Nec
285 2317 407 2396 stloppo
422 2315 557 2376 tumidas
571 2315 707 2376 intendis
721 2337 861 2395 rumpere
876 2317 1005 2376 buccas:

202 2414 308 2474 Verba
321 2423 412 2492 togae
427 2411 561 2492 sequeris
570 2413 718 2491 junctura
732 2413 860 2472 callidus
877 2413 948 2487 acri,

203 2511 264 2570 Ore
279 2521 360 2570 teres
375 2508 505 2578 modico,
519 2509 669 2588 pallentes
684 2509 791 2568 radere
805 2529 905 2568 mores

159 2681 161 2686 Ι
202 2607 322 2667 Doctus
336 2616 368 2666 et
382 2606 516 2684 ingenuo
531 2605 653 2685 culpam
669 2606 802 2684 deligere
816 2605 933 2679 ludo,

204 2703 287 2763 Hinc
301 2703 388 2761 trahe
403 2721 480 2782 quae
495 2700 586 2774 dicas,
598 2721 778 2781 mensasque
792 2701 928 2782 relinque
942 2701 1083 2781 Mycenis

204 2799 283 2859 Cum
297 2796 397 2874 capite
412 2795 596 2874 etpedibus,
611 2795 792 2875 plebeioque
807 2797 937 2874 prandia
950 2795 1060 2856 noris.‘’

242 2893 316 2952 Nou
332 2891 474 2971 equidem
488 2892 546 2950 hoo
561 2893 680 2962 studeo,
695 2893 820 2970 pullatis
834 2902 870 2952 ut
885 2893 959 2951 mihi
973 2893 1063 2972 nugis

204 2988 322 3067 Pagina
336 2997 500 3066 turgescat,
516 2989 588 3046 dare
602 2988 724 3067 pondus
739 2988 851 3048 idonea
863 2989 957 3048 fumo.
1169 3004 1201 3051 20

205 3085 322 3144 Secreti
337 3083 497 3163 loquimur,
511 3084 567 3142 tibi
583 3103 665 3143 nunc
679 3068 823 3170 hortante
839 3086 975 3145 Camena

203 3180 399 3240 Excutienda
413 3178 521 3240 damus
535 3179 721 3258 praecordia,
738 3190 912 3260 quantaque
927 3190 1050 3242 nostrae

204 3276 280 3336 Pars
294 3286 349 3337 tua
363 3275 411 3348 sit,
427 3276 571 3349 Cornuto,
588 3276 707 3335 animae
722 3276 789 3348 tibi,
805 3276 903 3336 dulcis
918 3277 1024 3352 amice,

64 3375 71 3419 ἴ
104 3415 127 3454 :⁴
144 3396 154 3418 ¹»
205 3372 383 3432 Ostendisse
393 3373 502 3450 juvat;
523 3373 619 3467 pulsa,
634 3371 813 3450 dignoscere
828 3382 936 3450 cautus
