2716 4044
166 234 187 299 4
275 279 280 288 -
498 252 536 302 a.
560 255 682 303 enasn
704 254 835 304 ninom

166 417 230 489 Qui
242 419 340 498 pote?
379 419 439 480 Vis
453 420 580 481 dicam?
600 421 732 501 nugaris,
747 442 816 481 curn
830 421 896 495 tibi,
912 421 1008 496 calve,
1028 346 1122 481 eust
1132 421 1195 512 Q

166 515 295 595 Pinguis
310 518 498 596 aqualiculus
511 528 658 596 protenso
673 519 855 598 sesquipede
870 529 964 579 extet.

167 611 194 671 Ο
208 611 230 672 J
232 631 298 688 ane,
312 632 331 672 a
344 623 433 694 tergo
448 633 539 694 quem
554 615 639 674 nulla
654 614 771 675 ciconia
785 614 889 694 pinsit,

165 709 235 768 Nec
248 730 356 794 manus
371 711 522 772 auriculas
536 712 650 771 imitari
665 712 786 771 mobilis
801 713 893 786 albas,

165 805 234 865 Nec
247 807 371 886 linguae
386 818 536 887 quantum
550 807 635 868 sitiat
649 808 733 868 canis
747 809 851 886 Apula
869 808 1012 869 tantum!
1134 823 1166 871 60

166 901 240 976 Vos,
255 923 273 962 o
288 904 433 982 patricius
447 904 581 983 sanguis,
597 925 674 985 quos
688 905 793 964 vivere
807 905 852 964 fas
867 915 914 966 est

166 998 299 1078 Occipiti
313 1019 412 1074 caeco,
427 1001 564 1081 posticae
579 1001 730 1061 occurrite
745 1003 877 1062 sannae!

205 1102 222 1132 ‘⁴
233 1096 311 1168 Quis
324 1097 431 1176 populi
445 1117 544 1158 sermo
560 1099 628 1158 est?
637 1097 653 1126 '’
676 1098 752 1170 Quis
764 1099 854 1172 enim,
866 1098 923 1158 nisi
935 1100 1070 1160 carmina
1081 1099 1168 1160 molli

164 1191 259 1252 Nunc
273 1193 399 1252 demum
412 1214 541 1253 numero
555 1195 658 1269 fluere,
673 1206 708 1256 ut
722 1215 778 1274 per
792 1197 860 1255 leve
875 1216 997 1256 severos

164 1288 313 1349 Effundat
322 1290 470 1368 junctura
485 1291 629 1370 ungues?
650 1292 708 1351 scit
723 1292 849 1370 tendere
864 1313 987 1352 versum
1062 1345 1065 1348 .
1134 1307 1165 1353 65

163 1385 197 1445 N
198 1406 238 1446 on
252 1406 338 1446 secus
353 1385 427 1447 acsi
443 1389 532 1447 oculo
546 1388 699 1447 rubricam
714 1387 827 1468 dirigat
842 1409 913 1447 uno.

165 1483 237 1543 Sive
252 1502 328 1562 opus
342 1483 374 1542 in
388 1503 497 1556 mores,
512 1484 544 1544 in
558 1484 666 1543 luxum
680 1493 711 1543 et
726 1485 856 1564 prandia
870 1505 979 1564 rogum

163 1579 283 1652 Dicere,
298 1599 345 1640 res
359 1581 492 1660 grandes
508 1592 612 1640 nostro
628 1581 683 1641 dat
696 1580 788 1641 Musa
798 1592 919 1660 poetae.

163 1675 244 1737 Ecce
259 1677 351 1736 modo
365 1678 475 1737 heroas
489 1697 594 1737 sensus
609 1678 715 1737 afferre
730 1679 872 1740 videmus

162 1771 283 1852 Nugari
297 1773 404 1834 solitos
419 1774 544 1846 Graece,
559 1795 616 1834 nec
630 1795 743 1853 ponere
759 1776 863 1835 lucum
1133 1791 1165 1840 70

162 1869 315 1942 Artifices,
329 1890 387 1930 nec
401 1889 452 1929 rus
467 1880 605 1930 saturum
620 1871 760 1944 laudare,
769 1872 822 1930 ubi
836 1873 943 1932 corbes
968 1855 1127 1930 lual‘wl‘

162 1964 206 2025 Et
219 1966 305 2026 focus
320 1976 352 2026 et
365 1965 450 2045 porci
465 1976 497 2026 et
511 1967 631 2026 fumosa
643 1967 755 2027 Palilia
768 1967 877 2042 foeno;

162 2061 258 2124 Unde
272 2062 398 2136 Remus,
413 2065 558 2143 sulcoque
573 2073 676 2124 terens
690 2064 833 2138 dentalia,
850 2063 969 2138 Quinti,

163 2158 243 2218 Cum
257 2159 379 2237 trepida
393 2169 465 2218 ante
480 2160 575 2219 boves
590 2160 776 2220 dictatorem
789 2161 892 2220 induit
908 2183 994 2236 uxor,

161 2254 204 2314 Et
218 2264 272 2315 tua
287 2263 388 2314 aratra
402 2256 529 2315 domum
543 2257 634 2316 lictor
649 2257 723 2316 tulit
734 2256 884 2337 -Euge,
900 2258 1009 2336 poetal
1131 2273 1162 2322 tt

201 2351 259 2412 Est
274 2373 356 2412 nunc
369 2352 469 2412 Brisei
483 2373 575 2432 quem
589 2373 721 2413 venosus
736 2354 813 2414 liber
826 2355 913 2429 Acci,
981 2395 1006 2424 o
1042 2402 1071 2466 C
1102 2387 1156 2421 ··.

163 2448 243 2509 Sunt
257 2469 333 2528 quos
347 2449 562 2528 Pacuviusque
576 2459 608 2509 et
623 2469 786 2511 verrucosa
800 2461 939 2522 moretur
980 2445 1046 2478 ω’
1072 2415 1238 2472 ”’(““”“”

161 2546 307 2624 Antiopa,
321 2546 490 2606 ‘aerumnis
506 2566 558 2607 cor
572 2546 767 2607 luctificabile
779 2548 876 2608 fulta?

161 2642 228 2702 Hos
241 2643 344 2718 pueris
358 2643 495 2703 monitus
508 2653 612 2722 patres
626 2643 787 2704 infundere
801 2645 902 2725 lippos

161 2739 242 2801 Cum
256 2739 370 2810 videas,
384 2739 543 2818 quaerisne
559 2739 640 2799 unde
655 2741 731 2800 haec
745 2751 868 2821 sartago
882 2743 1030 2822 loquendi
1131 2758 1163 2804 80

160 2834 293 2895 Venerit
308 2834 340 2894 in
355 2835 493 2914 linguas3
516 2837 598 2896 unde
612 2837 695 2897 istud
712 2837 855 2913 dedecus,
870 2839 903 2898 in
918 2861 980 2919 quo

160 2933 323 2991 Trossulns
337 2933 472 2992 exsultat
487 2933 543 2991 tibi
558 2954 613 3012 per
627 2934 770 2994 subsellia
785 2936 884 2996 levis?

160 3026 256 3087 Nilne
270 3028 368 3106 pudet
382 3028 476 3107 capiti
490 3049 551 3088 non
567 3049 655 3106 posse
669 3031 804 3109 pericula
819 3052 895 3092 cano

160 3124 290 3196 Pollere,
306 3123 378 3202 quin
393 3123 534 3202 tepidum
548 3124 607 3183 hoo
622 3136 709 3204 optes
725 3128 830 3186 audire
845 3129 1057 3191 ‘Decenter’l

159 3219 242 3280 ‘Fur
256 3219 305 3294 es,’
320 3220 364 3280 ait
378 3220 488 3280 Pedio.
530 3219 647 3281 Pedius
661 3223 757 3301 quid?
778 3223 907 3284 crimina
921 3227 996 3286 rasis
1130 3243 1162 3290 85

160 3314 268 3377 Librat
281 3316 314 3375 in
329 3315 507 3391 antithetis,
528 3317 636 3377 doctas
649 3319 786 3397 posuisse
800 3320 914 3398 figuras

160 3412 336 3474 Laudatur:
350 3412 488 3472 ‘Bellum
501 3413 593 3474 hocl'
609 3414 678 3475 Hoc
687 3415 825 3476 bellum?
840 3437 888 3492 an,
898 3418 1040 3494 Romule,
1050 3421 1162 3484 neves?
