2716 4044
545 1015 710 1076 SATIRA
736 1013 795 1075 VI.

166 1207 455 1350 ADMOVTTJ
441 1229 509 1288 Jam
521 1207 631 1269 bruma
644 1209 713 1269 foco
727 1218 768 1282 te,
782 1208 886 1282 Basse,
899 1205 1039 1268 Sabino?

288 1305 310 1365 J
310 1325 400 1365 amne
414 1306 482 1385 lyra
495 1314 528 1366 et
541 1305 652 1367 tetrico
666 1305 850 1416 ιιίιιιΜΨ
869 1304 992 1385 pectine
1010 1301 1170 1364 chordae?

165 1401 245 1460 Mire
260 1401 362 1481 opifex
376 1401 512 1462 numeris
526 1415 667 1462 veterum
681 1402 860 1494 primordia
863 1421 977 1460 vocum

165 1497 271 1577 Atque
285 1518 402 1558 marem
415 1499 578 1609 strepitum
592 1499 662 1557 fidis
676 1498 845 1559 intendisse
860 1496 1000 1572 Latinae,
1051 1515 1131 1583 rvr*
1144 1487 1168 1528 *¹¹

164 1592 264 1654 Mox
250 1613 382 1673 Juvenes
390 1594 522 1690 agitare
525 1594 660 1674 jocoset
675 1595 786 1675 pollice
799 1596 932 1655 honesto
996 1634 1013 1658 ·.v
1132 1604 1170 1651 -t

165 1687 278 1749 Erre
271 1711 317 1750 rus
331 1673 438 1750 lusisse
453 1706 570 1768 senesJ
590 1690 670 1750 Mihi
684 1711 767 1751 nunc
781 1690 877 1770 Ligus
892 1709 946 1750 ora

160 1711 389 1943 ᾧ
313 1780 516 1866 hibernatque
530 1807 635 1846 meum
649 1807 743 1862 mare,
758 1806 819 1866 qua
833 1787 936 1847 latus
929 1805 1039 1866 ingens

198 1892 252 1943 ant
266 1884 385 1963 scopuli
400 1892 432 1944 et
446 1884 545 1943 multa
559 1883 632 1943 litus
646 1903 678 1943 se
693 1884 773 1944 valle
788 1893 936 1964 receptat.
988 1903 1013 1942 ιι
1028 1878 1104 1934 vd!
1119 1910 1327 1956 W

165 1978 282 2038 ‘Lunai
296 1989 421 2060 portum
438 1982 501 2059 (est
515 1983 640 2059 operae)
658 1981 844 2060 cognoscite,
860 1978 960 2040 cives!

165 2075 227 2137 Oor
235 2075 326 2154 jubet
339 2076 398 2136 hoc
412 2075 503 2150 Enni,
518 2085 683 2156 postquam
697 2076 863 2137 destertuit
878 2096 944 2136 esse
1138 2089 1170 2137 ιο

163 2170 353 2247 Maeonides,
369 2172 504 2245 Quintus
518 2192 637 2252 pavone
652 2192 691 2232 ex
707 2175 916 2253 Pythagoreo

206 2268 267 2328 Hic
282 2289 340 2348 ego
355 2289 480 2329 securus
494 2269 580 2348 vulgi
595 2278 627 2329 et
642 2269 716 2348 quid
730 2278 893 2349 praeparet
908 2268 1025 2330 Auster
1054 2321 1066 2332 ,
1087 2253 1112 2333 i
1127 2253 1179 2338 iji‘-

164 2362 278 2424 Insolix
292 2365 404 2444 pecori,
419 2385 545 2426 securus
559 2374 591 2425 et
606 2367 738 2445 angulus
752 2366 804 2425 ille

164 2460 271 2521 Vicini
284 2469 390 2522 nostro
404 2461 476 2542 quia
489 2461 641 2541 pinguior,
656 2462 715 2521 etsi
729 2463 807 2522 adeo
822 2481 947 2524 omnes.

165 2556 328 2617 Ditesoant
342 2557 403 2617 orti
417 2558 580 2638 pejoribus,
596 2579 693 2642 usque
707 2578 846 2618 recusem
901 2543 1078 2640 =.=if-o»·¹'³J
1140 2572 1172 2620 1³

166 2653 288 2715 Curvus
302 2655 342 2713 ob
356 2654 389 2713 id
403 2653 501 2714 minui
515 2655 610 2727 senio,
626 2665 681 2714 aut
695 2654 1026 2742 coenam-„sibeer

165 2748 209 2811 Et
223 2749 345 2830 signum
359 2750 392 2810 in
406 2750 520 2830 vapida
533 2769 608 2811 naso
623 2751 763 2831 tetigisse
778 2753 898 2832 lagena.

165 2844 331 2926 Disorepet
343 2846 392 2908 his
406 2847 492 2907 alius.
533 2846 690 2922 Geminos,
703 2849 882 2928 horoscope,
896 2868 971 2910 varo

166 2942 317 3003 Produois
331 2939 450 3003 Genio:
471 2943 545 3004 solis
559 2945 712 3004 natalibus
727 2955 774 3004 est
789 2946 842 3025 qui

166 3039 283 3119 Tingat
296 3039 365 3099 olus
380 3039 495 3100 siccum
509 3040 608 3100 muria
621 3042 707 3100 vafer
720 3041 752 3100 in
767 3043 862 3102 calice
877 3053 990 3122 empta,
1141 3058 1174 3104 20

168 3135 239 3216 ipse
253 3155 372 3196 sacrum
386 3136 519 3196 irrorans
533 3137 656 3215 patinae
671 3138 759 3218 piper
767 3158 775 3214 ;
796 3138 847 3198 hic
860 3139 942 3199 bona
957 3139 1052 3200 dente

168 3232 305 3293 Grandia
317 3233 531 3312 magnanimus
546 3233 664 3312 peragit
678 3255 762 3319 puer.
804 3234 887 3296 Utar
902 3254 969 3314 ego,
982 3245 1060 3312 utar,

167 3329 237 3390 Nee
250 3330 394 3390 rhombos
408 3329 479 3394 ideo
494 3330 612 3390 libertis
626 3350 740 3409 ponere
756 3332 868 3405 lautus,

167 3423 237 3485 Neo
250 3433 359 3484 tenues
373 3426 479 3486 sollers
493 3425 654 3485 turdarum
668 3409 757 3487 nosse
772 3427 891 3488 salivas.
