2716 4044
517 189 654 242 sanas
677 191 729 238 111.

122 361 205 434 Quid
219 359 411 420 metuasl-
421 357 596 438 cultrixque
609 357 671 418 foci
684 376 792 418 secura
805 357 938 436 patella3

122 457 190 518 Hoc
204 457 290 519 satis.
330 457 384 516 An
399 456 509 516 deceat
522 456 702 535 pulmonem
717 473 858 532 rumpere
872 441 984 526 ventis,

122 554 294 614 Stemmata
309 552 393 632 quod
407 552 510 613 Tusco
524 571 644 612 ramum
658 550 819 610 millesime
834 550 932 623 ducis,

122 651 327 712 Censoremve
341 660 431 709 tuum
446 649 495 708 vel
510 648 591 727 quod
607 648 746 708 trabeate
761 647 898 706 salutas?

121 747 173 805 Ad
188 747 336 825 populum
351 745 499 824 phaleras,
513 764 572 824 ego
586 753 618 804 te
633 744 716 803 intus
731 753 763 802 et
777 742 807 802 in
823 752 895 803 cute
909 742 1003 803 novi:

121 841 194 902 Non
209 841 306 922 pudet
321 842 359 902 ad
373 862 493 904 morem
505 840 648 902 discincti
663 840 769 900 vivere
783 839 913 900 Nattae.

122 939 184 1000 Sed
198 950 302 1019 stupet
316 939 366 1003 hic
379 939 466 1013 vitio,
480 938 564 998 fibris
581 937 711 998 increvit
726 938 865 1016 opimum

121 1035 251 1116 Pingue,
265 1047 349 1102 caret
364 1036 462 1114 culpa,
477 1035 576 1096 nescit
590 1034 665 1113 quid
680 1035 800 1114 perdat,
815 1043 847 1093 et
862 1034 926 1094 alto

120 1131 287 1194 Demersus
301 1152 420 1194 summa
435 1151 542 1192 rursus
552 1152 616 1192 non
632 1131 722 1190 bullit
736 1129 767 1190 in
784 1130 897 1210 unda„-

161 1228 275 1308 Magne
290 1239 378 1308 pater
391 1229 509 1300 divum,
524 1247 633 1288 saevos
648 1228 756 1306 punire
771 1238 921 1305 tyrannos

122 1325 215 1384 Haud
230 1326 289 1384 alia
304 1325 421 1385 ratione
437 1326 521 1396 velis,
535 1345 607 1384 cum
621 1325 689 1384 dira
704 1325 801 1384 libido

121 1421 256 1482 Moven't
270 1422 429 1500 ingenium
444 1421 578 1480 ferventi
592 1420 691 1482 tincta
706 1439 846 1480 veneno:

121 1517 281 1578 Virtutem
297 1519 424 1577 videant
438 1518 693 1598 intabescantque
708 1518 824 1589 relicta.

121 1615 213 1673 Anne
228 1615 326 1694 magis
341 1613 434 1674 Siculi
449 1625 636 1693 gemuerunt
650 1634 720 1673 aera
729 1614 868 1693 juvenci,

121 1710 165 1769 Et
179 1710 279 1789 magis
295 1710 409 1770 auratis
424 1710 563 1789 pendens
577 1710 772 1788 laquearibus
787 1710 869 1771 ensis

121 1805 297 1885 Purpureas
312 1806 417 1866 subter
432 1806 567 1866 cervices
581 1807 700 1880 terruit,
714 1807 827 1882 ‘Imus,

113 1902 207 1969 ¹Imus
223 1903 421 1982 praecipites,’
436 1923 528 1982 quarn
543 1903 568 1962 si
582 1904 640 1963 sibi
655 1904 748 1977 dicat,
764 1914 796 1965 et
810 1904 895 1964 intus

122 1999 243 2060 Palleat
255 1999 362 2058 infelix
377 2000 461 2078 quod
476 1999 617 2078 proxima
631 2001 748 2060 nesciat
764 2001 863 2060 uxor?

163 2097 261 2174 Saepe
276 2097 389 2168 oeulos,
405 2095 542 2168 memini,
556 2097 723 2175 tangebam
737 2115 850 2176 parvus
865 2095 957 2170 olivo,

122 2193 259 2252 Grandia
273 2192 298 2251 si
312 2192 426 2251 nollem
442 2191 585 2252 morituri
599 2194 694 2252 verba
708 2193 837 2254 Catonis

121 2289 242 2362 Dicere,
256 2310 319 2349 non
333 2309 408 2350 sano
423 2290 556 2349 multum
570 2289 727 2350 laudanda
740 2290 898 2369 magistre,

123 2387 212 2458 Quae
226 2398 313 2467 pater
327 2386 469 2446 adductis
484 2387 596 2447 sudans
611 2387 733 2446 audiret
748 2387 862 2448 amicis.

120 2484 143 2546 J
146 2505 199 2543 ure
213 2485 330 2543 etenim
344 2484 375 2543 id
390 2504 553 2556 summum,
571 2485 645 2563 quid
661 2485 773 2543 dexter
785 2484 871 2544 senio
886 2484 979 2544 ferret

123 2581 218 2654 Scire,
233 2581 344 2640 eratin
361 2590 435 2641 voto
444 2601 453 2655 ;
475 2582 622 2640 damnosa
637 2581 778 2640 canicula
792 2590 942 2661 qnantum

122 2677 280 2751 Raderet3
303 2687 453 2755 angustae
468 2677 548 2736 collo
564 2698 625 2738 non
640 2677 740 2736 fallier
753 2697 861 2751 orcae3

123 2773 196 2833 Neu
211 2773 278 2853 quis
293 2773 433 2833 callidior
445 2774 564 2832 buxum
578 2783 721 2853 torquere
735 2774 868 2852 flagello·

123 2868 219 2928 Ilaud
234 2869 291 2929 tibi
305 2870 498 2949 inexpertum
514 2886 624 2929 curvos
640 2869 830 2948 deprendere
845 2891 954 2943 mores,
1052 2857 1055 2862 ’

123 2965 273 3044 Quaeque
288 2966 380 3026 docet
395 2967 514 3044 sapiens
528 2967 678 3026 braccatis
693 2967 771 3027 illita
786 2968 889 3027 Medis

122 3061 278 3135 Porticus,
292 3061 439 3121 insomnis
454 3063 564 3142 quibus
579 3073 610 3122 et
625 3063 756 3122 detensa
765 3065 917 3142 juventus

125 3157 281 3237 Invigilat,
296 3159 411 3249 siliquis
426 3168 458 3218 et
472 3161 583 3238 grandi
597 3169 686 3239 pasta
700 3161 845 3239 pelenta;
922 3169 926 3197 ¹
957 3203 973 3222 ι,
992 3156 996 3165 ’

123 3254 169 3314 Et
183 3255 238 3315 tibi
251 3275 329 3336 quae
345 3256 464 3315 Samios
479 3257 603 3316 diduxit
617 3257 720 3316 littera
734 3275 835 3316 rames

126 3351 313 3432 Surgentem
328 3354 439 3414 dextro
453 3355 638 3414 monstravit
651 3354 751 3414 limite
765 3355 874 3414 callem
883 3389 923 3401 -
