2716 4044
569 253 705 302 SATIRA
728 256 752 301 Ι.

160 420 245 482 Men’
259 421 405 481 moveat?
427 421 540 502 quippe
555 430 586 481 ot
601 430 705 481 cantet
720 420 744 480 si
761 419 926 497 nauiiagns
943 437 1041 477 assem

161 517 366 577 Protuleriml
409 519 524 579 Cantas
539 539 608 578 cum
623 521 719 578 fracta
733 527 764 577 te
778 516 810 575 in
825 516 911 575 trabe
925 515 1044 594 pictum

161 613 211 672 Ex
224 615 352 674 humero
366 616 493 694 portas?
533 614 652 675 Verum
667 634 724 674 nec
738 623 829 674 nocte
844 623 986 692 paratum
1128 623 1160 670 90

161 710 301 771 Plorabit
316 711 368 792 qni
383 732 432 772 me
446 713 532 771 volet
546 712 721 772 incurvasse
736 710 868 792 querela.

202 814 219 843 “
230 808 292 867 Sed
303 809 438 867 numeris
453 809 547 868 decor
561 819 608 868 est
622 819 654 867 et
663 808 812 886 junctura
826 805 934 865 addita
948 804 1058 864 crudis.

163 903 313 963 Claudero
328 905 372 964 sic
386 925 509 964 versum
524 905 633 964 didicit
647 904 871 982 ‘Berecyntius
885 901 990 975 Attis,’

161 998 204 1058 Et
218 1000 287 1080 ‘qui
302 1003 476 1060 caeruleum
490 1001 654 1061 dirimebat
669 1000 772 1059 Nerea
787 998 946 1078 delphin’3

162 1096 214 1156 Sic
228 1102 363 1156 ‘costam
376 1099 470 1176 longo
490 1098 692 1157 subduximus
706 1095 889 1176 Apennino?
1129 1106 1161 1153 96

161 1192 277 1252 ‘Arma
291 1191 409 1266 virum,'
424 1213 526 1253 nonne
540 1195 599 1253 hoo
613 1214 791 1272 spumosum
806 1204 838 1252 et
853 1191 965 1251 cortice
980 1188 1097 1270 pingui,

161 1289 210 1350 Ut
223 1291 336 1349 ramale
352 1300 441 1349 vetus
456 1291 639 1370 praegrandi
654 1290 762 1350 subere
777 1299 898 1350 coctum
910 1287 992 1347 rm
1049 1291 1054 1298 ”

163 1385 320 1458 Quidnam
335 1387 430 1466 igitur
444 1397 586 1447 tenerum
600 1396 632 1446 et
646 1389 717 1446 laxa
731 1387 848 1446 cervice
863 1384 1055 1465 legendnm?

161 1487 280 1543 ‘Torva
294 1484 501 1544 Mimalloneis
516 1484 682 1562 implerunt
696 1503 810 1543 cornua
824 1483 951 1557 bombis,

160 1580 205 1640 Et
219 1591 341 1659 raptum
356 1582 455 1640 vitulo
470 1590 562 1658 capnt
577 1581 716 1639 ablatura
730 1581 861 1658 superbo

161 1677 299 1737 Bassaris
314 1687 345 1737 et
359 1678 483 1756 lyncem
497 1677 624 1736 Maenas
638 1677 756 1736 flexura
770 1676 924 1755 corymbis

104 1803 107 1806 ·
160 1775 264 1835 Euion
278 1774 467 1855 ingeminat3
488 1774 667 1854 reparabilis
682 1783 804 1834 assonat
818 1772 923 1833 Echo?

162 1872 249 1932 Haeo
262 1872 372 1931 fierent
386 1872 411 1931 si
425 1872 560 1931 testiculi
575 1891 654 1929 vena
668 1871 732 1929 ulla
745 1871 868 1949 paterni

160 1969 293 2030 Viveret
306 1969 337 2028 in
352 1969 463 2028 nobis?
484 1988 604 2027 summa
618 1967 762 2027 delumbe
777 1967 873 2026 saliva

161 2064 233 2125 Hoc
247 2074 353 2139 natat3
374 2066 405 2124 in
420 2065 512 2124 labris
527 2075 559 2124 et
573 2065 606 2123 in
620 2065 683 2124 udo
698 2074 745 2124 est
759 2064 888 2124 Maenas
903 2073 936 2123 et
949 2063 1053 2138 Attis;
1115 2077 1162 2123 105

161 2161 231 2223 Nec
245 2163 384 2241 pluteum
400 2161 501 2221 caedit
514 2181 572 2221 nec
586 2161 742 2221 demorsos
757 2160 837 2240 sapit
852 2181 978 2241 ungues.

201 2259 292 2318 “Sed
307 2258 381 2338 qnid
396 2279 473 2337 opus
486 2267 608 2318 teneras
622 2258 759 2318 mordaci
772 2259 879 2317 radere
890 2278 965 2317 vero

161 2355 350 2414 Auriculas?
370 2355 442 2414 vide
457 2355 497 2414 sis
511 2375 551 2414 ne
561 2355 713 2435 majorum
727 2356 785 2415 tibi
799 2356 878 2415 forte

162 2451 284 2510 Limina
300 2452 482 2530 frigescant:
503 2461 593 2511 sonat
607 2452 657 2511 hic
672 2452 711 2510 de
726 2471 799 2511 nare
814 2451 924 2511 canina

162 2547 308 2607 Littera”
351 2551 412 2607 Per
426 2568 475 2607 me
490 2548 633 2628 equidem
648 2549 710 2608 sint
724 2549 827 2607 omnia
841 2549 981 2626 protinus
996 2549 1081 2624 alba3
1116 2563 1164 2608 110

162 2644 218 2704 Nil
233 2664 342 2704 moror.
383 2643 471 2724 Euge
486 2644 609 2703 omnesl
632 2664 738 2704 omnes
751 2644 830 2703 bene
845 2645 939 2704 mirae
955 2645 1040 2704 eritis
1054 2666 1110 2704 res.

162 2741 233 2801 Hoo
242 2741 357 2819 juvat?
399 2741 494 2813 ‘Hira’
509 2739 619 2819 inquis,
634 2748 724 2801 ‘veto
739 2741 900 2821 quisquam
913 2743 990 2801 faxit
1005 2742 1139 2802 oletum?

163 2837 265 2916 Pinge
280 2837 358 2896 dnos
373 2856 506 2916 angues:
527 2838 623 2916 pueri,
638 2855 723 2896 sacer
736 2847 783 2896 est
798 2839 891 2910 locus,
906 2850 994 2898 extra

163 2933 289 3007 Meiite3
311 2933 445 2993 discede.
489 2933 595 2993 Secuit
608 2932 744 2993 Lucilius
759 2935 876 3008 urbem,

163 3030 209 3089 Te
223 3029 320 3109 Lupe,
335 3043 366 3090 te
381 3031 474 3104 Muci,
490 3041 521 3091 et
534 3032 705 3110 genuinum
719 3032 812 3111 fregit
826 3032 857 3090 in
872 3032 941 3092 illis.
1118 3049 1164 3094 115

164 3127 265 3185 Omne
280 3127 366 3186 vafer
378 3127 490 3187 vitium
504 3128 619 3187 ridenti
633 3128 762 3189 Flaccus
778 3129 876 3188 amico

164 3223 280 3302 Tangit
294 3233 326 3282 et
340 3215 490 3282 admissus
505 3224 617 3283 circum
630 3226 809 3304 praecordia
823 3226 912 3298 ludit,

165 3320 303 3380 Callidus
317 3339 444 3380 excusso
459 3322 609 3400 populum
623 3321 809 3400 suspendere
824 3311 914 3383 naso}

163 3415 247 3476 Men’
262 3417 372 3476 mutire
387 3417 493 3476 nefas?
514 3436 571 3476 nec
585 3417 665 3478 clam
679 3437 736 3477 nec
750 3439 820 3478 cnm
835 3420 952 3496 scrobe,
974 3440 1137 3501 nusquam.
