2716 4044
557 207 696 258 SATIRA
717 209 758 256 11.

332 313 448 364 mamm
472 319 499 354 ,J
529 283 706 351 >altisssim-

157 373 283 435 Somnia
297 375 410 454 pituita
424 375 477 456 qui
490 374 708 455 purgatissima
721 375 854 434 mittunt

155 469 318 550 Praecipui
331 482 432 546 sunto,
446 472 547 552 sitque
561 473 623 532 illis
638 492 730 532 aurea
744 473 847 532 barba.

154 568 277 628 Aurum
291 588 366 628 vasa
379 569 502 628 Numae
518 569 724 650 Saturniaque
740 568 865 646 impulit
879 585 961 641 aera,

156 662 359 744 Vestalesque
374 685 465 724 umas
481 676 512 726 et
526 668 661 726 Tuscum
675 666 770 725 fictile
784 673 894 724 mutat.

156 759 183 818 0
199 781 310 820 curvae
323 762 355 821 in
371 773 467 822 terras
482 763 602 822 animae
616 773 648 823 et
664 761 842 822 caelestium
856 760 981 820 inanes!

156 856 238 929 Quid
249 858 341 935 juvat
355 859 422 930 hoc,
436 859 560 938 templis
574 869 695 918 nostros
709 857 876 918 immittere
890 875 1005 929 mores,

155 952 198 1011 Et
213 953 293 1012 bona
306 953 365 1014 Dis
379 974 417 1013 ex
432 937 492 1014 hac
504 956 652 1016 scelerata
666 956 778 1015 ducere
793 954 910 1033 pulpa?
926 955 944 1007 i
957 955 997 1008 t*
1011 923 1074 1012 ir*

58 1065 110 1145 ps
155 1048 243 1140 Haec
257 1049 314 1109 sibi
329 1063 473 1129 corrupto
488 1051 600 1111 casiam
615 1050 757 1111 dissolvit
772 1051 864 1124 olivo,

62 1157 68 1172 “
156 1144 243 1204 Haec
257 1146 424 1206 Calabrum
437 1147 521 1208 coxit
536 1147 645 1208 vitiato
661 1147 775 1206 murice
790 1147 897 1220 vellus,
930 1127 1069 1220 tvai„
1129 1159 1161 1204 65

156 1240 244 1300 Haec
258 1243 385 1302 baccam
399 1245 533 1303 conchae
548 1245 665 1317 rasisse,
680 1253 712 1303 et
726 1244 876 1322 stringere
891 1263 987 1303 venas
1029 1239 1124 1316 (Me-f

156 1337 320 1399 Ferventis
334 1359 453 1400 massae
468 1341 564 1400 crudo
580 1341 618 1399 (le
632 1342 760 1419 pulvere
769 1340 873 1418 jussit.

156 1433 273 1495 Peccat
288 1445 320 1494 et
334 1437 418 1509 haec,
434 1448 559 1516 peccat3
580 1437 657 1497 vitio
672 1447 777 1497 tamen
793 1437 900 1496 utitur.
941 1437 987 1495 At
1001 1455 1057 1497 vos

157 1530 270 1604 Dicite,
285 1533 461 1605 Pontifices,
475 1535 507 1592 in
522 1555 610 1594 sacro
625 1535 699 1614 quid
714 1534 787 1593 facit
802 1534 933 1593 aurum?

157 1628 280 1707 Nempe
294 1630 353 1689 hoc
367 1631 450 1709 quod
464 1630 583 1691 Veneri
597 1631 730 1690 donatae
745 1650 763 1688 a
777 1629 895 1712 virgine
912 1648 1021 1707 pupae.
1131 1641 1163 1689 70

198 1725 281 1797 Quin
296 1726 406 1786 damus
419 1727 451 1786 id
467 1727 585 1805 superis
599 1727 638 1786 (le
654 1747 766 1806 magna
780 1726 864 1805 quod
878 1727 951 1785 dare
965 1726 1053 1784 lance

156 1821 230 1881 Non
246 1823 342 1900 possit
357 1823 461 1903 magni
474 1823 626 1884 Massalae
641 1824 726 1902 lippa
739 1842 895 1906 propag03
995 1838 1043 1918 cp
1050 1813 1188 1946 lauf&

159 1918 372 1996 Compositum
380 1920 432 2000 jus
446 1921 551 2001 fasque
566 1921 679 1994 animo,
696 1921 880 1999 sanctosque
895 1939 1032 1979 recessus

127 2079 129 2082 .
157 2015 283 2088 Mentis,
300 2024 332 2074 et
345 2016 500 2088 incoctum
515 2037 665 2097 generoso
680 2026 788 2095 pectus
801 2017 943 2075 honesto.

158 2109 244 2170 Haec
258 2112 335 2172 cedo
351 2123 385 2174 ut
398 2115 581 2174 admoveam
596 2114 727 2193 templis,
743 2123 775 2173 et
788 2113 866 2171 farre
881 2112 988 2173 litabo.
1131 2126 1162 2175 aa
