<?xml version="1.0" encoding="UTF-8"?>
<!DOCTYPE html PUBLIC "-//W3C//DTD XHTML 1.0 Transitional//EN"
    "http://www.w3.org/TR/xhtml1/DTD/xhtml1-transitional.dtd">
<html xmlns="http://www.w3.org/1999/xhtml" xml:lang="en" lang="en">
 <head>
  <title>
</title>
<meta http-equiv="Content-Type" content="text/html;charset=utf-8" />
  <meta name='ocr-system' content='tesseract 3.04.00' />
  <meta name='ocr-capabilities' content='ocr_page ocr_carea ocr_par ocr_line ocrx_word'/>
</head>
<body>
  <div class='ocr_page' id='page_1' title='image "./satirespersiusw01hartgoog_0027.png"; bbox 0 0 2716 4044; ppageno 0'>
   <div class='ocr_carea' id='block_1_1' title="bbox 189 235 857 300">
    <p class='ocr_par' dir='ltr' id='par_1_1' title="bbox 189 235 857 300">
     <span class='ocr_line' id='line_1_1' title="bbox 189 235 857 300; baseline 0.004 -3"><span class='ocrx_word' id='word_1_1' title='bbox 189 235 209 297; x_wconf 88' lang='lat'>8</span> <span class='ocrx_word' id='word_1_2' title='bbox 517 252 555 300; x_wconf 85' lang='lat' dir='ltr'><strong>A.</strong></span> <span class='ocrx_word' id='word_1_3' title='bbox 579 253 701 300; x_wconf 71' lang='lat' dir='ltr'><strong>pensu</strong></span> <span class='ocrx_word' id='word_1_4' title='bbox 723 251 857 300; x_wconf 74' lang='lat' dir='ltr'><strong>runem</strong></span> 
     </span>
    </p>
   </div>
   <div class='ocr_carea' id='block_1_2' title="bbox 187 417 1095 1560">
    <p class='ocr_par' dir='ltr' id='par_1_2' title="bbox 189 417 1014 498">
     <span class='ocr_line' id='line_1_2' title="bbox 189 417 1014 498; baseline 0 -22"><span class='ocrx_word' id='word_1_5' title='bbox 189 417 311 478; x_wconf 83' lang='lat' dir='ltr'><strong>Sulfure</strong></span> <span class='ocrx_word' id='word_1_6' title='bbox 325 418 451 479; x_wconf 86' lang='lat' dir='ltr'><strong>discutit</strong></span> <span class='ocrx_word' id='word_1_7' title='bbox 439 429 490 479; x_wconf 93' lang='lat' dir='ltr'><strong>tur</strong></span> <span class='ocrx_word' id='word_1_8' title='bbox 503 438 588 478; x_wconf 87' lang='lat' dir='ltr'><strong>sacro</strong></span> <span class='ocrx_word' id='word_1_9' title='bbox 603 439 695 498; x_wconf 88' lang='lat' dir='ltr'><strong>quam</strong></span> <span class='ocrx_word' id='word_1_10' title='bbox 709 429 805 498; x_wconf 91' lang='lat' dir='ltr'><strong>tuque</strong></span> <span class='ocrx_word' id='word_1_11' title='bbox 820 417 1014 497; x_wconf 81' lang='lat' dir='ltr'><strong>domusque?</strong></span> 
     </span>
    </p>

    <p class='ocr_par' dir='ltr' id='par_1_3' title="bbox 188 515 989 595">
     <span class='ocr_line' id='line_1_3' title="bbox 188 515 989 595; baseline 0.001 -22"><span class='ocrx_word' id='word_1_12' title='bbox 188 516 240 573; x_wconf 86' lang='lat' dir='ltr'><strong>An</strong></span> <span class='ocrx_word' id='word_1_13' title='bbox 255 516 402 594; x_wconf 89' lang='lat' dir='ltr'><strong>quianon</strong></span> <span class='ocrx_word' id='word_1_14' title='bbox 417 516 501 575; x_wconf 91' lang='lat' dir='ltr'><strong>fibris</strong></span> <span class='ocrx_word' id='word_1_15' title='bbox 515 517 621 574; x_wconf 91' lang='lat' dir='ltr'><strong>ovium</strong></span> <span class='ocrx_word' id='word_1_16' title='bbox 635 515 841 595; x_wconf 81' lang='lat' dir='ltr'>Ergennaque</span> <span class='ocrx_word' id='word_1_17' title='bbox 857 515 989 594; x_wconf 85' lang='lat' dir='ltr'><strong>jubente</strong></span> 
     </span>
    </p>

    <p class='ocr_par' dir='ltr' id='par_1_4' title="bbox 189 587 902 690">
     <span class='ocr_line' id='line_1_4' title="bbox 189 587 902 690; baseline 0.001 -22"><span class='ocrx_word' id='word_1_18' title='bbox 189 610 320 670; x_wconf 84' lang='lat' dir='ltr'>Triste</span> <span class='ocrx_word' id='word_1_19' title='bbox 307 587 739 690; x_wconf 56' lang='lat' dir='ltr'><strong>Jacestitandumque</strong></span> <span class='ocrx_word' id='word_1_20' title='bbox 755 612 902 684; x_wconf 89' lang='lat' dir='ltr'><strong>bidental,</strong></span> 
     </span>
    </p>

    <p class='ocr_par' dir='ltr' id='par_1_5' title="bbox 188 705 950 788">
     <span class='ocr_line' id='line_1_5' title="bbox 188 705 950 788; baseline 0.001 -22"><span class='ocrx_word' id='word_1_21' title='bbox 188 705 308 768; x_wconf 81' lang='lat' dir='ltr'><strong>Idcirco</strong></span> <span class='ocrx_word' id='word_1_22' title='bbox 323 709 468 768; x_wconf 80' lang='lat' dir='ltr'><strong>stolidam</strong></span> <span class='ocrx_word' id='word_1_23' title='bbox 481 710 609 788; x_wconf 85' lang='lat' dir='ltr'><strong>praebet</strong></span> <span class='ocrx_word' id='word_1_24' title='bbox 624 709 681 768; x_wconf 89' lang='lat' dir='ltr'><strong>tibi</strong></span> <span class='ocrx_word' id='word_1_25' title='bbox 697 708 808 768; x_wconf 89' lang='lat' dir='ltr'><strong>vellere</strong></span> <span class='ocrx_word' id='word_1_26' title='bbox 822 709 950 768; x_wconf 83' lang='lat' dir='ltr'>barbam</span> 
     </span>
    </p>

    <p class='ocr_par' dir='ltr' id='par_1_6' title="bbox 187 803 1041 886">
     <span class='ocr_line' id='line_1_6' title="bbox 187 803 1041 886; baseline 0.001 -22"><span class='ocrx_word' id='word_1_27' title='bbox 187 803 332 883; x_wconf 80' lang='lat' dir='ltr'><strong>Jupiter?</strong></span> <span class='ocrx_word' id='word_1_28' title='bbox 353 814 385 865; x_wconf 92' lang='lat' dir='ltr'><strong>at</strong></span> <span class='ocrx_word' id='word_1_29' title='bbox 399 805 545 886; x_wconf 84' lang='lat' dir='ltr'><strong>quidnam</strong></span> <span class='ocrx_word' id='word_1_30' title='bbox 561 814 607 865; x_wconf 88' lang='lat' dir='ltr'><strong>est</strong></span> <span class='ocrx_word' id='word_1_31' title='bbox 622 814 732 885; x_wconf 89' lang='lat' dir='ltr'><strong>quatu</strong></span> <span class='ocrx_word' id='word_1_32' title='bbox 745 804 887 864; x_wconf 77' lang='lat' dir='ltr'>mercede</span> <span class='ocrx_word' id='word_1_33' title='bbox 902 804 1041 865; x_wconf 87' lang='lat' dir='ltr'>Deorum</span> 
     </span>
    </p>

    <p class='ocr_par' dir='ltr' id='par_1_7' title="bbox 188 898 1035 1071">
     <span class='ocr_line' id='line_1_7' title="bbox 188 898 991 990; baseline 0.002 -32"><span class='ocrx_word' id='word_1_34' title='bbox 188 898 308 961; x_wconf 85' lang='lat' dir='ltr'><strong>Emeris</strong></span> <span class='ocrx_word' id='word_1_35' title='bbox 323 902 496 962; x_wconf 80' lang='lat' dir='ltr'><strong>auriculas?</strong></span> <span class='ocrx_word' id='word_1_36' title='bbox 516 903 660 982; x_wconf 88' lang='lat' dir='ltr'>pulmone</span> <span class='ocrx_word' id='word_1_37' title='bbox 676 912 708 962; x_wconf 91' lang='lat' dir='ltr'><strong>et</strong></span> <span class='ocrx_word' id='word_1_38' title='bbox 722 901 852 990; x_wconf 78' lang='lat' dir='ltr'><strong>lactibus</strong></span> <span class='ocrx_word' id='word_1_39' title='bbox 867 902 991 961; x_wconf 81' lang='lat' dir='ltr'><strong>unctis?</strong></span> 
     </span>
     <span class='ocr_line' id='line_1_8' title="bbox 228 983 1035 1088; baseline 0.004 -33"><span class='ocrx_word' id='word_1_40' title='bbox 228 997 309 1056; x_wconf 88' lang='lat' dir='ltr'><strong>Ecce</strong></span> <span class='ocrx_word' id='word_1_41' title='bbox 324 998 400 1071; x_wconf 78' lang='lat' dir='ltr'><strong>avia,</strong></span> <span class='ocrx_word' id='word_1_42' title='bbox 415 1009 468 1058; x_wconf 91' lang='lat' dir='ltr'><strong>aut</strong></span> <span class='ocrx_word' id='word_1_43' title='bbox 481 1009 622 1058; x_wconf 88' lang='lat' dir='ltr'><strong>metuens</strong></span> <span class='ocrx_word' id='word_1_44' title='bbox 638 998 745 1088; x_wconf 87' lang='lat' dir='ltr'><strong>divum</strong></span> <span class='ocrx_word' id='word_1_45' title='bbox 759 983 934 1070; x_wconf 74' lang='lat' dir='ltr'><strong>matertera,</strong></span> <span class='ocrx_word' id='word_1_46' title='bbox 949 997 1035 1058; x_wconf 84' lang='lat' dir='ltr'><strong>cunis</strong></span> 
     </span>
    </p>

    <p class='ocr_par' dir='ltr' id='par_1_8' title="bbox 189 1077 984 1192">
     <span class='ocr_line' id='line_1_9' title="bbox 189 1077 984 1192; baseline 0.004 -41"><span class='ocrx_word' id='word_1_47' title='bbox 189 1093 314 1152; x_wconf 82' lang='lat' dir='ltr'><strong>Exemit</strong></span> <span class='ocrx_word' id='word_1_48' title='bbox 328 1114 466 1172; x_wconf 92' lang='lat' dir='ltr'><strong>puerum,</strong></span> <span class='ocrx_word' id='word_1_49' title='bbox 480 1095 674 1175; x_wconf 89' lang='lat' dir='ltr'><strong>frontemque</strong></span> <span class='ocrx_word' id='word_1_50' title='bbox 689 1077 788 1192; x_wconf 73' lang='lat' dir='ltr'><strong>sitque</strong></span> <span class='ocrx_word' id='word_1_51' title='bbox 796 1096 857 1154; x_wconf 84' lang='lat' dir='ltr'><strong>uda</strong></span> <span class='ocrx_word' id='word_1_52' title='bbox 871 1095 984 1154; x_wconf 92' lang='lat' dir='ltr'><strong>labella</strong></span> 
     </span>
    </p>

    <p class='ocr_par' dir='ltr' id='par_1_9' title="bbox 188 1175 855 1270">
     <span class='ocr_line' id='line_1_10' title="bbox 188 1175 855 1270; baseline 0.006 -22"><span class='ocrx_word' id='word_1_53' title='bbox 188 1189 300 1250; x_wconf 89' lang='lat' dir='ltr'><strong>Infami</strong></span> <span class='ocrx_word' id='word_1_54' title='bbox 315 1191 413 1270; x_wconf 83' lang='lat' dir='ltr'><strong>digito</strong></span> <span class='ocrx_word' id='word_1_55' title='bbox 429 1202 460 1251; x_wconf 89' lang='lat' dir='ltr'><strong>et</strong></span> <span class='ocrx_word' id='word_1_56' title='bbox 474 1193 650 1252; x_wconf 87' lang='lat' dir='ltr'><strong>lustralibus</strong></span> <span class='ocrx_word' id='word_1_57' title='bbox 665 1203 735 1251; x_wconf 87' lang='lat' dir='ltr'><strong>ante</strong></span> <span class='ocrx_word' id='word_1_58' title='bbox 697 1175 855 1252; x_wconf 87' lang='lat' dir='ltr'><strong>salivis</strong></span> 
     </span>
    </p>

    <p class='ocr_par' dir='ltr' id='par_1_10' title="bbox 190 1286 845 1367">
     <span class='ocr_line' id='line_1_11' title="bbox 190 1286 845 1367; baseline 0.005 -23"><span class='ocrx_word' id='word_1_59' title='bbox 190 1286 312 1365; x_wconf 79' lang='lat' dir='ltr'><strong>Expiet,</strong></span> <span class='ocrx_word' id='word_1_60' title='bbox 328 1298 451 1348; x_wconf 90' lang='lat' dir='ltr'><strong>urentes</strong></span> <span class='ocrx_word' id='word_1_61' title='bbox 466 1290 570 1349; x_wconf 87' lang='lat' dir='ltr'><strong>oculos</strong></span> <span class='ocrx_word' id='word_1_62' title='bbox 584 1288 722 1348; x_wconf 89' lang='lat' dir='ltr'><strong>inhibere</strong></span> <span class='ocrx_word' id='word_1_63' title='bbox 736 1289 845 1367; x_wconf 88' lang='lat' dir='ltr'><strong>pen&#39;ta.</strong></span> 
     </span>
    </p>

    <p class='ocr_par' dir='ltr' id='par_1_11' title="bbox 189 1382 1095 1471">
     <span class='ocr_line' id='line_1_12' title="bbox 189 1382 1095 1471; baseline 0.004 -31"><span class='ocrx_word' id='word_1_64' title='bbox 189 1382 278 1442; x_wconf 88' lang='lat' dir='ltr'><strong>Tunc</strong></span> <span class='ocrx_word' id='word_1_65' title='bbox 292 1385 433 1444; x_wconf 86' lang='lat' dir='ltr'><strong>manibus</strong></span> <span class='ocrx_word' id='word_1_66' title='bbox 448 1385 556 1464; x_wconf 87' lang='lat' dir='ltr'><strong>quatit,</strong></span> <span class='ocrx_word' id='word_1_67' title='bbox 572 1395 603 1444; x_wconf 89' lang='lat' dir='ltr'><strong>et</strong></span> <span class='ocrx_word' id='word_1_68' title='bbox 618 1405 705 1463; x_wconf 88' lang='lat' dir='ltr'><strong>spem</strong></span> <span class='ocrx_word' id='word_1_69' title='bbox 720 1404 854 1471; x_wconf 77' lang='lat' dir='ltr'><strong>macram</strong></span> <span class='ocrx_word' id='word_1_70' title='bbox 868 1384 1005 1464; x_wconf 88' lang='lat' dir='ltr'><strong>supplice</strong></span> <span class='ocrx_word' id='word_1_71' title='bbox 1020 1393 1095 1444; x_wconf 87' lang='lat' dir='ltr'><strong>voto</strong></span> 
     </span>
    </p>

    <p class='ocr_par' dir='ltr' id='par_1_12' title="bbox 188 1478 1071 1560">
     <span class='ocr_line' id='line_1_13' title="bbox 188 1478 1071 1560; baseline 0.003 -23"><span class='ocrx_word' id='word_1_72' title='bbox 188 1478 282 1539; x_wconf 86' lang='lat' dir='ltr'><strong>Nunc</strong></span> <span class='ocrx_word' id='word_1_73' title='bbox 295 1478 393 1540; x_wconf 84' lang='lat' dir='ltr'><strong>Licini</strong></span> <span class='ocrx_word' id='word_1_74' title='bbox 408 1482 438 1540; x_wconf 91' lang='lat' dir='ltr'><strong>in</strong></span> <span class='ocrx_word' id='word_1_75' title='bbox 454 1501 585 1560; x_wconf 90' lang='lat' dir='ltr'><strong>campos,</strong></span> <span class='ocrx_word' id='word_1_76' title='bbox 601 1502 682 1541; x_wconf 85' lang='lat' dir='ltr'><strong>nuno</strong></span> <span class='ocrx_word' id='word_1_77' title='bbox 697 1482 797 1542; x_wconf 81' lang='lat' dir='ltr'><strong>Crassi</strong></span> <span class='ocrx_word' id='word_1_78' title='bbox 812 1480 910 1541; x_wconf 91' lang='lat' dir='ltr'><strong>mittit</strong></span> <span class='ocrx_word' id='word_1_79' title='bbox 924 1481 955 1540; x_wconf 92' lang='lat' dir='ltr'><strong>in</strong></span> <span class='ocrx_word' id='word_1_80' title='bbox 970 1481 1071 1540; x_wconf 88' lang='lat' dir='ltr'><strong>aedes.</strong></span> 
     </span>
    </p>
   </div>
   <div class='ocr_carea' id='block_1_3' title="bbox 12 1577 977 1661">
    <p class='ocr_par' dir='ltr' id='par_1_13' title="bbox 12 1577 977 1661">
     <span class='ocr_line' id='line_1_14' title="bbox 12 1577 977 1661; baseline 0.002 -27"><span class='ocrx_word' id='word_1_81' title='bbox 12 1627 35 1648; x_wconf 29' lang='lat'><strong>¹,</strong></span> <span class='ocrx_word' id='word_1_82' title='bbox 62 1591 65 1603; x_wconf 86' lang='lat'><em>·</em></span> <span class='ocrx_word' id='word_1_83' title='bbox 107 1600 131 1634; x_wconf 84' lang='grc'><strong>·...</strong></span> <span class='ocrx_word' id='word_1_84' title='bbox 159 1593 166 1602; x_wconf 91' lang='grc'><strong><em>·</em></strong></span> <span class='ocrx_word' id='word_1_85' title='bbox 188 1577 298 1638; x_wconf 87' lang='lat' dir='ltr'>‘Hune</span> <span class='ocrx_word' id='word_1_86' title='bbox 313 1587 422 1656; x_wconf 88' lang='lat' dir='ltr'><strong>optent</strong></span> <span class='ocrx_word' id='word_1_87' title='bbox 436 1598 583 1661; x_wconf 80' lang='lat' dir='ltr'><strong>generum</strong></span> <span class='ocrx_word' id='word_1_88' title='bbox 598 1598 651 1637; x_wconf 84' lang='lat' dir='ltr'><strong>rex</strong></span> <span class='ocrx_word' id='word_1_89' title='bbox 666 1587 698 1637; x_wconf 94' lang='lat' dir='ltr'><strong>et</strong></span> <span class='ocrx_word' id='word_1_90' title='bbox 713 1579 836 1658; x_wconf 91' lang='lat' dir='ltr'><strong>regina;</strong></span> <span class='ocrx_word' id='word_1_91' title='bbox 857 1579 977 1656; x_wconf 88' lang='lat' dir='ltr'><strong>puellae</strong></span> 
     </span>
    </p>
   </div>
   <div class='ocr_carea' id='block_1_4' title="bbox 137 1672 1101 2653">
    <p class='ocr_par' dir='ltr' id='par_1_14' title="bbox 188 1672 1101 2624">
     <span class='ocr_line' id='line_1_15' title="bbox 189 1672 1032 1754; baseline 0.002 -23"><span class='ocrx_word' id='word_1_92' title='bbox 189 1672 283 1732; x_wconf 88' lang='lat' dir='ltr'><strong>Hune</strong></span> <span class='ocrx_word' id='word_1_93' title='bbox 296 1675 434 1753; x_wconf 83' lang='lat' dir='ltr'><strong>rapiant;</strong></span> <span class='ocrx_word' id='word_1_94' title='bbox 456 1675 601 1754; x_wconf 92' lang='lat' dir='ltr'><strong>quioquid</strong></span> <span class='ocrx_word' id='word_1_95' title='bbox 617 1675 782 1734; x_wconf 80' lang='lat' dir='ltr'><strong>calcaverit</strong></span> <span class='ocrx_word' id='word_1_96' title='bbox 796 1676 847 1735; x_wconf 91' lang='lat' dir='ltr'><strong>hio</strong></span> <span class='ocrx_word' id='word_1_97' title='bbox 860 1695 930 1735; x_wconf 86' lang='lat' dir='ltr'><strong>rosa</strong></span> <span class='ocrx_word' id='word_1_98' title='bbox 943 1674 1032 1735; x_wconf 89' lang='lat' dir='ltr'><strong>fiatl’</strong></span> 
     </span>
     <span class='ocr_line' id='line_1_16' title="bbox 188 1769 906 1850; baseline 0.003 -21"><span class='ocrx_word' id='word_1_99' title='bbox 188 1769 251 1830; x_wconf 89' lang='lat' dir='ltr'><strong>Ast</strong></span> <span class='ocrx_word' id='word_1_100' title='bbox 265 1789 323 1850; x_wconf 85' lang='lat' dir='ltr'><strong>ego</strong></span> <span class='ocrx_word' id='word_1_101' title='bbox 337 1771 449 1831; x_wconf 88' lang='lat' dir='ltr'><strong>nutrici</strong></span> <span class='ocrx_word' id='word_1_102' title='bbox 464 1792 526 1831; x_wconf 89' lang='lat' dir='ltr'><strong>non</strong></span> <span class='ocrx_word' id='word_1_103' title='bbox 541 1771 655 1830; x_wconf 87' lang='lat' dir='ltr'><strong>mando</strong></span> <span class='ocrx_word' id='word_1_104' title='bbox 670 1781 762 1845; x_wconf 89' lang='lat' dir='ltr'><strong>vota;</strong></span> <span class='ocrx_word' id='word_1_105' title='bbox 783 1781 906 1850; x_wconf 90' lang='lat' dir='ltr'><strong>negato,</strong></span> 
     </span>
     <span class='ocr_line' id='line_1_17' title="bbox 188 1866 931 1946; baseline 0 -19"><span class='ocrx_word' id='word_1_106' title='bbox 188 1866 319 1946; x_wconf 85' lang='lat' dir='ltr'><strong>Jupiter,</strong></span> <span class='ocrx_word' id='word_1_107' title='bbox 334 1869 409 1927; x_wconf 88' lang='lat' dir='ltr'><strong>haec</strong></span> <span class='ocrx_word' id='word_1_108' title='bbox 423 1868 475 1941; x_wconf 90' lang='lat' dir='ltr'><strong>illi,</strong></span> <span class='ocrx_word' id='word_1_109' title='bbox 490 1868 629 1946; x_wconf 84' lang='lat' dir='ltr'><strong>quamvis</strong></span> <span class='ocrx_word' id='word_1_110' title='bbox 643 1878 675 1926; x_wconf 92' lang='lat' dir='ltr'><strong>te</strong></span> <span class='ocrx_word' id='word_1_111' title='bbox 690 1868 793 1927; x_wconf 86' lang='lat' dir='ltr'><strong>albata</strong></span> <span class='ocrx_word' id='word_1_112' title='bbox 807 1868 931 1946; x_wconf 77' lang='lat' dir='ltr'><strong>rogarit</strong></span> 
     </span>
     <span class='ocr_line' id='line_1_18' title="bbox 229 1964 1013 2044; baseline 0.001 -21"><span class='ocrx_word' id='word_1_113' title='bbox 229 1964 336 2024; x_wconf 91' lang='lat' dir='ltr'><strong>Poscis</strong></span> <span class='ocrx_word' id='word_1_114' title='bbox 351 1984 439 2044; x_wconf 93' lang='lat' dir='ltr'><strong>opem</strong></span> <span class='ocrx_word' id='word_1_115' title='bbox 455 1965 558 2025; x_wconf 88' lang='lat' dir='ltr'><strong>nervis</strong></span> <span class='ocrx_word' id='word_1_116' title='bbox 572 1983 742 2043; x_wconf 85' lang='lat' dir='ltr'><strong>corpusque</strong></span> <span class='ocrx_word' id='word_1_117' title='bbox 757 1965 848 2022; x_wconf 87' lang='lat' dir='ltr'><strong>fidele</strong></span> <span class='ocrx_word' id='word_1_118' title='bbox 863 1973 1013 2024; x_wconf 85' lang='lat' dir='ltr'><strong>senectae.</strong></span> 
     </span>
     <span class='ocr_line' id='line_1_19' title="bbox 190 2059 1014 2141; baseline 0.001 -22"><span class='ocrx_word' id='word_1_119' title='bbox 190 2059 267 2120; x_wconf 87' lang='lat' dir='ltr'><strong>Esto</strong></span> <span class='ocrx_word' id='word_1_120' title='bbox 282 2081 356 2139; x_wconf 85' lang='lat' dir='ltr'><strong>age3</strong></span> <span class='ocrx_word' id='word_1_121' title='bbox 378 2062 432 2120; x_wconf 88' lang='lat' dir='ltr'><strong>sed</strong></span> <span class='ocrx_word' id='word_1_122' title='bbox 446 2062 579 2140; x_wconf 83' lang='lat' dir='ltr'><strong>grandes</strong></span> <span class='ocrx_word' id='word_1_123' title='bbox 593 2061 716 2139; x_wconf 86' lang='lat' dir='ltr'><strong>patinae</strong></span> <span class='ocrx_word' id='word_1_124' title='bbox 732 2069 898 2141; x_wconf 88' lang='lat' dir='ltr'><strong>tucetaque</strong></span> <span class='ocrx_word' id='word_1_125' title='bbox 913 2081 1014 2121; x_wconf 83' lang='lat' dir='ltr'><strong>crassa</strong></span> 
     </span>
     <span class='ocr_line' id='line_1_20' title="bbox 189 2156 1048 2236; baseline 0.001 -21"><span class='ocrx_word' id='word_1_126' title='bbox 189 2157 337 2216; x_wconf 87' lang='lat' dir='ltr'><strong>Annuere</strong></span> <span class='ocrx_word' id='word_1_127' title='bbox 352 2157 399 2216; x_wconf 89' lang='lat' dir='ltr'><strong>his</strong></span> <span class='ocrx_word' id='word_1_128' title='bbox 413 2177 538 2236; x_wconf 87' lang='lat' dir='ltr'><strong>superos</strong></span> <span class='ocrx_word' id='word_1_129' title='bbox 552 2169 678 2217; x_wconf 87' lang='lat' dir='ltr'><strong>vetuere</strong></span> <span class='ocrx_word' id='word_1_130' title='bbox 692 2156 713 2217; x_wconf 85' lang='lat' dir='ltr'>J</span> <span class='ocrx_word' id='word_1_131' title='bbox 714 2178 865 2236; x_wconf 89' lang='lat' dir='ltr'><strong>ovemque</strong></span> <span class='ocrx_word' id='word_1_132' title='bbox 879 2168 1048 2216; x_wconf 83' lang='lat' dir='ltr'><strong>morantur.</strong></span> 
     </span>
     <span class='ocr_line' id='line_1_21' title="bbox 230 2253 1050 2334; baseline 0.001 -22"><span class='ocrx_word' id='word_1_133' title='bbox 230 2253 310 2313; x_wconf 86' lang='lat' dir='ltr'><strong>Rem</strong></span> <span class='ocrx_word' id='word_1_134' title='bbox 324 2263 441 2313; x_wconf 87' lang='lat' dir='ltr'><strong>struere</strong></span> <span class='ocrx_word' id='word_1_135' title='bbox 456 2262 584 2332; x_wconf 86' lang='lat' dir='ltr'><strong>exoptas</strong></span> <span class='ocrx_word' id='word_1_136' title='bbox 598 2272 685 2312; x_wconf 86' lang='lat' dir='ltr'><strong>caeso</strong></span> <span class='ocrx_word' id='word_1_137' title='bbox 699 2253 788 2325; x_wconf 90' lang='lat' dir='ltr'><strong>bove,</strong></span> <span class='ocrx_word' id='word_1_138' title='bbox 802 2253 1050 2334; x_wconf 87' lang='lat' dir='ltr'><strong>Mercuriumque</strong></span> 
     </span>
     <span class='ocr_line' id='line_1_22' title="bbox 189 2349 856 2424; baseline -0.001 -14"><span class='ocrx_word' id='word_1_139' title='bbox 189 2351 329 2410; x_wconf 86' lang='lat' dir='ltr'><strong>Arcessis</strong></span> <span class='ocrx_word' id='word_1_140' title='bbox 343 2351 436 2410; x_wconf 88' lang='lat' dir='ltr'><strong>fibra:</strong></span> <span class='ocrx_word' id='word_1_141' title='bbox 457 2351 526 2409; x_wconf 86' lang='lat' dir='ltr'><strong>‘Da</strong></span> <span class='ocrx_word' id='word_1_142' title='bbox 540 2351 696 2410; x_wconf 85' lang='lat' dir='ltr'><strong>fortunare</strong></span> <span class='ocrx_word' id='word_1_143' title='bbox 711 2349 856 2424; x_wconf 85' lang='lat' dir='ltr'><strong>Penates,</strong></span> 
     </span>
     <span class='ocr_line' id='line_1_23' title="bbox 189 2445 1093 2556; baseline 0 -48"><span class='ocrx_word' id='word_1_144' title='bbox 189 2448 241 2508; x_wconf 88' lang='lat' dir='ltr'><strong>Da</strong></span> <span class='ocrx_word' id='word_1_145' title='bbox 255 2468 348 2526; x_wconf 87' lang='lat' dir='ltr'><strong>pecus</strong></span> <span class='ocrx_word' id='word_1_146' title='bbox 362 2458 394 2506; x_wconf 90' lang='lat' dir='ltr'><strong>et</strong></span> <span class='ocrx_word' id='word_1_147' title='bbox 408 2447 611 2556; x_wconf 84' lang='lat' dir='ltr'><strong>gregibust</strong></span> <span class='ocrx_word' id='word_1_148' title='bbox 567 2447 611 2506; x_wconf 86' lang='lat' dir='ltr'><strong>fet</strong></span> <span class='ocrx_word' id='word_1_149' title='bbox 613 2447 702 2506; x_wconf 88' lang='lat' dir='ltr'><strong>uml&#39;</strong></span> <span class='ocrx_word' id='word_1_150' title='bbox 745 2445 824 2520; x_wconf 80' lang='lat' dir='ltr'><strong>Quo,</strong></span> <span class='ocrx_word' id='word_1_151' title='bbox 840 2447 979 2525; x_wconf 87' lang='lat' dir='ltr'><strong>pessime,</strong></span> <span class='ocrx_word' id='word_1_152' title='bbox 992 2458 1093 2526; x_wconf 86' lang='lat' dir='ltr'><strong>pacto,</strong></span> 
     </span>
     <span class='ocr_line' id='line_1_24' title="bbox 137 2543 1101 2653; baseline 0 -49"><span class='ocrx_word' id='word_1_153' title='bbox 137 2547 253 2630; x_wconf 90' lang='lat' dir='ltr'><strong>Tot</strong></span> <span class='ocrx_word' id='word_1_154' title='bbox 267 2544 324 2604; x_wconf 90' lang='lat' dir='ltr'><strong>tibi</strong></span> <span class='ocrx_word' id='word_1_155' title='bbox 339 2563 408 2603; x_wconf 91' lang='lat' dir='ltr'><strong>curn</strong></span> <span class='ocrx_word' id='word_1_156' title='bbox 423 2545 455 2602; x_wconf 90' lang='lat' dir='ltr'><strong>in</strong></span> <span class='ocrx_word' id='word_1_157' title='bbox 468 2543 628 2602; x_wconf 85' lang='lat' dir='ltr'><strong>fiammas&#39;</strong></span> <span class='ocrx_word' id='word_1_158' title='bbox 612 2543 755 2653; x_wconf 83' lang='lat' dir='ltr'><strong>Junicum</strong></span> <span class='ocrx_word' id='word_1_159' title='bbox 770 2553 895 2603; x_wconf 91' lang='lat' dir='ltr'><strong>omenta</strong></span> <span class='ocrx_word' id='word_1_160' title='bbox 909 2543 1101 2643; x_wconf 84' lang='lat' dir='ltr'><strong>liquescant?</strong></span> 
     </span>
    </p>
   </div>
   <div class='ocr_carea' id='block_1_5' title="bbox 49 2589 1118 2815">
    <p class='ocr_par' dir='ltr' id='par_1_15' title="bbox 49 2589 1118 2815">
     <span class='ocr_line' id='line_1_25' title="bbox 49 2589 1118 2728; baseline -0.007 -24"><span class='ocrx_word' id='word_1_161' title='bbox 49 2617 133 2699; x_wconf 47' lang='lat' dir='ltr'><strong>s.</strong></span> <span class='ocrx_word' id='word_1_162' title='bbox 131 2589 234 2728; x_wconf 47' lang='lat' dir='ltr'><strong>:affl</strong></span> <span class='ocrx_word' id='word_1_163' title='bbox 248 2650 351 2701; x_wconf 88' lang='lat' dir='ltr'><strong>tamen</strong></span> <span class='ocrx_word' id='word_1_164' title='bbox 366 2641 416 2700; x_wconf 87' lang='lat' dir='ltr'><strong>hic</strong></span> <span class='ocrx_word' id='word_1_165' title='bbox 430 2640 510 2700; x_wconf 88' lang='lat' dir='ltr'><strong>extis</strong></span> <span class='ocrx_word' id='word_1_166' title='bbox 524 2649 556 2700; x_wconf 89' lang='lat' dir='ltr'><strong>et</strong></span> <span class='ocrx_word' id='word_1_167' title='bbox 570 2639 673 2718; x_wconf 94' lang='lat' dir='ltr'><strong>opimo</strong></span> <span class='ocrx_word' id='word_1_168' title='bbox 687 2640 811 2700; x_wconf 80' lang='lat' dir='ltr'><strong>vincere</strong></span> <span class='ocrx_word' id='word_1_169' title='bbox 821 2633 905 2700; x_wconf 87' lang='lat' dir='ltr'><strong>serto</strong></span> <span class='ocrx_word' id='word_1_170' title='bbox 966 2663 979 2687; x_wconf 71' lang='lat' dir='ltr'><strong>r</strong></span> <span class='ocrx_word' id='word_1_171' title='bbox 991 2672 1013 2698; x_wconf 58' lang='lat' dir='ltr'><strong>a</strong></span> <span class='ocrx_word' id='word_1_172' title='bbox 1040 2623 1058 2691; x_wconf 73' lang='grc' dir='ltr'><strong>ἶ·</strong></span> <span class='ocrx_word' id='word_1_173' title='bbox 1077 2649 1118 2696; x_wconf 65' lang='lat'><em>0</em></span> 
     </span>
     <span class='ocr_line' id='line_1_26' title="bbox 55 2719 985 2815; baseline -0.006 -14"><span class='ocrx_word' id='word_1_174' title='bbox 55 2721 57 2729; x_wconf 25' lang='grc' dir='ltr'>Ι</span> <span class='ocrx_word' id='word_1_175' title='bbox 81 2719 99 2746; x_wconf 52' lang='lat'>⁸</span> <span class='ocrx_word' id='word_1_176' title='bbox 190 2737 348 2797; x_wconf 92' lang='lat' dir='ltr'><strong>Intendit:</strong></span> <span class='ocrx_word' id='word_1_177' title='bbox 372 2735 410 2796; x_wconf 89' lang='lat' dir='ltr'><strong>‘J</strong></span> <span class='ocrx_word' id='word_1_178' title='bbox 412 2757 461 2795; x_wconf 90' lang='lat' dir='ltr'><strong>am</strong></span> <span class='ocrx_word' id='word_1_179' title='bbox 476 2736 585 2796; x_wconf 87' lang='lat' dir='ltr'><strong>crescit</strong></span> <span class='ocrx_word' id='word_1_180' title='bbox 599 2756 679 2815; x_wconf 88' lang='lat' dir='ltr'><strong>ager,</strong></span> <span class='ocrx_word' id='word_1_181' title='bbox 689 2737 756 2815; x_wconf 91' lang='lat' dir='ltr'><strong>jam</strong></span> <span class='ocrx_word' id='word_1_182' title='bbox 770 2737 880 2798; x_wconf 87' lang='lat' dir='ltr'><strong>crescit</strong></span> <span class='ocrx_word' id='word_1_183' title='bbox 895 2737 985 2811; x_wconf 88' lang='lat' dir='ltr'><strong>ovile,</strong></span> 
     </span>
    </p>
   </div>
   <div class='ocr_carea' id='block_1_6' title="bbox 190 2833 1195 3300">
    <p class='ocr_par' dir='ltr' id='par_1_16' title="bbox 190 2833 1195 3010">
     <span class='ocr_line' id='line_1_27' title="bbox 190 2833 1195 2913; baseline -0.001 -17"><span class='ocrx_word' id='word_1_184' title='bbox 190 2834 213 2896; x_wconf 87' lang='lat' dir='ltr'>J</span> <span class='ocrx_word' id='word_1_185' title='bbox 214 2854 263 2893; x_wconf 87' lang='lat' dir='ltr'><strong>am</strong></span> <span class='ocrx_word' id='word_1_186' title='bbox 278 2833 433 2906; x_wconf 88' lang='lat' dir='ltr'><strong>dabitur,</strong></span> <span class='ocrx_word' id='word_1_187' title='bbox 419 2852 494 2911; x_wconf 85' lang='lat' dir='ltr'><strong>Jam,</strong></span> <span class='ocrx_word' id='word_1_188' title='bbox 504 2833 603 2912; x_wconf 84' lang='lat' dir='ltr'><strong>jaml’</strong></span> <span class='ocrx_word' id='word_1_189' title='bbox 625 2833 724 2894; x_wconf 89' lang='lat' dir='ltr'><strong>donec</strong></span> <span class='ocrx_word' id='word_1_190' title='bbox 739 2834 887 2913; x_wconf 84' lang='lat' dir='ltr'><strong>deceptus</strong></span> <span class='ocrx_word' id='word_1_191' title='bbox 902 2842 934 2892; x_wconf 92' lang='lat' dir='ltr'><strong>et</strong></span> <span class='ocrx_word' id='word_1_192' title='bbox 948 2852 1057 2912; x_wconf 81' lang='lat' dir='ltr'><strong>exspes</strong></span> <span class='ocrx_word' id='word_1_193' title='bbox 1161 2849 1195 2895; x_wconf 81' lang='lat' dir='ltr'><strong>to</strong></span> 
     </span>
     <span class='ocr_line' id='line_1_28' title="bbox 191 2930 957 3010; baseline -0.004 -18"><span class='ocrx_word' id='word_1_194' title='bbox 191 2931 407 3010; x_wconf 87' lang='lat' dir='ltr'><strong>Nequicquam</strong></span> <span class='ocrx_word' id='word_1_195' title='bbox 420 2931 516 2989; x_wconf 86' lang='lat' dir='ltr'><strong>fundo</strong></span> <span class='ocrx_word' id='word_1_196' title='bbox 532 2930 664 3008; x_wconf 82' lang='lat' dir='ltr'><strong>suspiret</strong></span> <span class='ocrx_word' id='word_1_197' title='bbox 678 2951 823 2990; x_wconf 89' lang='lat' dir='ltr'><strong>nummus</strong></span> <span class='ocrx_word' id='word_1_198' title='bbox 837 2930 868 2989; x_wconf 93' lang='lat' dir='ltr'><strong>in</strong></span> <span class='ocrx_word' id='word_1_199' title='bbox 884 2930 957 2989; x_wconf 92' lang='lat' dir='ltr'><strong>im0.</strong></span> 
     </span>
    </p>

    <p class='ocr_par' dir='ltr' id='par_1_17' title="bbox 191 3026 1129 3300">
     <span class='ocr_line' id='line_1_29' title="bbox 233 3026 924 3106; baseline -0.001 -19"><span class='ocrx_word' id='word_1_200' title='bbox 233 3027 266 3087; x_wconf 88' lang='lat' dir='ltr'><strong>Si</strong></span> <span class='ocrx_word' id='word_1_201' title='bbox 281 3028 339 3087; x_wconf 91' lang='lat' dir='ltr'><strong>tibi</strong></span> <span class='ocrx_word' id='word_1_202' title='bbox 352 3035 485 3086; x_wconf 86' lang='lat' dir='ltr'><strong>crateras</strong></span> <span class='ocrx_word' id='word_1_203' title='bbox 500 3027 620 3106; x_wconf 85' lang='lat' dir='ltr'><strong>argenti</strong></span> <span class='ocrx_word' id='word_1_204' title='bbox 634 3027 801 3106; x_wconf 84' lang='lat' dir='ltr'><strong>incusaque</strong></span> <span class='ocrx_word' id='word_1_205' title='bbox 815 3026 924 3106; x_wconf 91' lang='lat' dir='ltr'><strong>pingui</strong></span> 
     </span>
     <span class='ocr_line' id='line_1_30' title="bbox 191 3106 1122 3246; baseline 0.001 -63"><span class='ocrx_word' id='word_1_206' title='bbox 191 3125 280 3184; x_wconf 90' lang='lat' dir='ltr'><strong>Auro</strong></span> <span class='ocrx_word' id='word_1_207' title='bbox 295 3125 376 3184; x_wconf 87' lang='lat' dir='ltr'><strong>dona</strong></span> <span class='ocrx_word' id='word_1_208' title='bbox 388 3123 493 3196; x_wconf 84' lang='lat' dir='ltr'><strong>feram,</strong></span> <span class='ocrx_word' id='word_1_209' title='bbox 507 3124 598 3184; x_wconf 88' lang='lat' dir='ltr'><strong>sudes</strong></span> <span class='ocrx_word' id='word_1_210' title='bbox 613 3133 644 3184; x_wconf 89' lang='lat' dir='ltr'><strong>et</strong></span> <span class='ocrx_word' id='word_1_211' title='bbox 659 3133 783 3203; x_wconf 90' lang='lat' dir='ltr'><strong>pectore</strong></span> <span class='ocrx_word' id='word_1_212' title='bbox 797 3125 886 3184; x_wconf 92' lang='lat' dir='ltr'><strong>laevo</strong></span> <span class='ocrx_word' id='word_1_213' title='bbox 1003 3106 1122 3246; x_wconf 38' lang='grc' dir='ltr'><strong>μζ</strong></span> 
     </span>
     <span class='ocr_line' id='line_1_31' title="bbox 193 3171 1129 3300; baseline 0 -20"><span class='ocrx_word' id='word_1_214' title='bbox 193 3221 341 3281; x_wconf 83' lang='lat' dir='ltr'><strong>Excutiat</strong></span> <span class='ocrx_word' id='word_1_215' title='bbox 354 3231 460 3300; x_wconf 90' lang='lat' dir='ltr'><strong>guttas</strong></span> <span class='ocrx_word' id='word_1_216' title='bbox 475 3219 583 3280; x_wconf 89' lang='lat' dir='ltr'><strong>laetari</strong></span> <span class='ocrx_word' id='word_1_217' title='bbox 597 3220 826 3300; x_wconf 75' lang='lat' dir='ltr'><strong>praetrepidum</strong></span> <span class='ocrx_word' id='word_1_218' title='bbox 841 3240 902 3281; x_wconf 88' lang='lat' dir='ltr'><strong>cor.</strong></span> <span class='ocrx_word' id='word_1_219' title='bbox 955 3237 1000 3272; x_wconf 54' lang='lat' dir='ltr'><strong>tr*</strong></span> <span class='ocrx_word' id='word_1_220' title='bbox 1106 3171 1129 3261; x_wconf 52' lang='lat' dir='ltr'><strong>i</strong></span> 
     </span>
    </p>
   </div>
   <div class='ocr_carea' id='block_1_7' title="bbox 193 3299 1195 3488">
    <p class='ocr_par' dir='ltr' id='par_1_18' title="bbox 193 3299 1195 3488">
     <span class='ocr_line' id='line_1_32' title="bbox 193 3299 1195 3398; baseline -0.001 -22"><span class='ocrx_word' id='word_1_221' title='bbox 193 3317 277 3377; x_wconf 91' lang='lat' dir='ltr'><strong>Hinc</strong></span> <span class='ocrx_word' id='word_1_222' title='bbox 292 3317 369 3376; x_wconf 91' lang='lat' dir='ltr'><strong>illud</strong></span> <span class='ocrx_word' id='word_1_223' title='bbox 383 3318 477 3377; x_wconf 89' lang='lat' dir='ltr'><strong>subiit</strong></span> <span class='ocrx_word' id='word_1_224' title='bbox 493 3338 566 3377; x_wconf 89' lang='lat' dir='ltr'><strong>auro</strong></span> <span class='ocrx_word' id='word_1_225' title='bbox 581 3337 681 3378; x_wconf 87' lang='lat' dir='ltr'><strong>sacras</strong></span> <span class='ocrx_word' id='word_1_226' title='bbox 696 3317 779 3398; x_wconf 94' lang='lat' dir='ltr'><strong>quod</strong></span> <span class='ocrx_word' id='word_1_227' title='bbox 794 3327 887 3394; x_wconf 81' lang='lat' dir='ltr'><strong>ovato</strong></span> <span class='ocrx_word' id='word_1_228' title='bbox 938 3345 941 3354; x_wconf 59' lang='lat'><strong>⁴</strong></span> <span class='ocrx_word' id='word_1_229' title='bbox 1016 3299 1022 3320; x_wconf 70' lang='grc'><em>’</em></span> <span class='ocrx_word' id='word_1_230' title='bbox 1162 3330 1195 3377; x_wconf 79' lang='lat'><strong>6³</strong></span> 
     </span>
     <span class='ocr_line' id='line_1_33' title="bbox 193 3413 905 3488; baseline -0.001 -15"><span class='ocrx_word' id='word_1_231' title='bbox 193 3413 343 3474; x_wconf 86' lang='lat' dir='ltr'><strong>Perducis</strong></span> <span class='ocrx_word' id='word_1_232' title='bbox 357 3413 449 3473; x_wconf 86' lang='lat' dir='ltr'><strong>facies</strong></span> <span class='ocrx_word' id='word_1_233' title='bbox 457 3432 466 3488; x_wconf 92' lang='lat'>;</span> <span class='ocrx_word' id='word_1_234' title='bbox 487 3433 558 3472; x_wconf 92' lang='lat' dir='ltr'><strong>nam</strong></span> <span class='ocrx_word' id='word_1_235' title='bbox 572 3413 681 3473; x_wconf 81' lang='lat' dir='ltr'><strong>fratres</strong></span> <span class='ocrx_word' id='word_1_236' title='bbox 694 3414 776 3473; x_wconf 89' lang='lat' dir='ltr'><strong>inter</strong></span> <span class='ocrx_word' id='word_1_237' title='bbox 790 3413 905 3472; x_wconf 88' lang='lat' dir='ltr'><strong>ahenos</strong></span> 
     </span>
    </p>
   </div>
   <div class='ocr_carea' id='block_1_8' title="bbox 0 0 1367 4044">
    <p class='ocr_par' dir='ltr' id='par_1_19' title="bbox 0 0 1367 4044">
     <span class='ocr_line' id='line_1_34' title="bbox 0 0 1367 4044; baseline 0 0"><span class='ocrx_word' id='word_1_238' title='bbox 0 0 1367 4044; x_wconf 95' lang='lat' dir='ltr'><strong> </strong></span> 
     </span>
    </p>
   </div>
  </div>
 </body>
</html>
